3228 5102
1306 317 1310 324 .
1323 283 1341 325 V

203 461 301 532 redit,
337 461 564 544 philosophicae
595 465 634 526 de
666 463 800 528 Ecclesia
831 463 1020 544 inquisitioni
1060 460 1206 526 historiae
1236 465 1343 534 funda·

172 598 174 603 ν
203 575 341 629 mentum
373 565 575 629 substruatur.
625 567 737 640 Quodsi
775 569 848 632 satis
880 577 983 650 aperte
1012 577 1144 640 constat,
1178 567 1343 638 Ecclesiam
1446 593 1447 596 ’

205 669 243 730 ad
274 669 356 732 hunc
388 691 484 752 usque
517 673 598 736 diem
615 673 748 751 ‚notioni
792 691 864 734 suae
907 672 997 734 ideali
1030 672 1219 753 respondisse
1257 691 1344 736 num·

205 791 311 852 quam,
360 775 413 836 sed
450 777 542 838 fuisse
574 786 679 838 contra
710 777 807 858 magis
840 777 978 838 minusve
1011 795 1066 858 pro
1098 777 1242 858 temporis
1273 778 1345 838 rati·

205 895 274 940 one.
301 877 433 940 debilem
469 900 503 942 ac
535 901 657 961 pravam
688 880 780 944 huius
812 881 920 942 idealis
949 882 1082 942 notionis
1111 881 1344 964 apparitionem,

204 991 236 1044 et
274 983 334 1044 iam
369 984 491 1046 circiter
522 985 826 1050 dimidiumseeculi
855 985 980 1046 secundi
1003 984 1154 1046 Ecclesiae
1174 1003 1285 1046 nomen
1307 982 1346 1044 ab

204 1083 337 1148 Ecclesia
369 1085 521 1149 Catholica
553 1107 589 1150 ea
621 1089 740 1150 ratione
773 1096 951 1167 occupatum
976 1105 1056 1156 csse,
1086 1096 1121 1146 ut
1143 1085 1264 1148 nonnisi
1283 1094 1345 1148 tur·

205 1187 306 1250 hidam
342 1189 453 1250 dehinc
481 1191 645 1260 Ecclesiae,
673 1192 794 1272 proprie
833 1191 876 1252 sic
904 1189 1018 1258 dictae,
1054 1189 1217 1269 imaginem
1256 1187 1345 1252 nohis

204 1302 428 1372 repraesentet,
457 1328 497 1342 -
525 1295 679 1374 sequitur,
714 1313 776 1356 uon
803 1293 862 1354 hoc
897 1303 1017 1354 tantum
1053 1291 1198 1362 historiae
1223 1293 1345 1356 mauda-

205 1403 271 1454 tum
300 1413 366 1454 esse
396 1394 542 1466 officium,
570 1405 605 1456 ut
634 1395 801 1466 Ecclesiae,
830 1414 906 1474 quae
929 1394 1103 1464 dicebatur„
1125 1395 1187 1456 fata
1208 1406 1346 1465 enarret,

206 1497 260 1558 sed
288 1516 361 1559 vero
390 1517 509 1560 omnem
538 1497 690 1562 Ecclesiae
716 1501 801 1562 ideae
823 1499 1057 1579 explicationem
1078 1499 1166 1560 nobis
1187 1520 1278 1581 quam
1300 1519 1346 1562 aa·

203 1598 395 1663 [curatissimc
417 1601 545 1670 referat,
566 1622 642 1682 quae
664 1621 735 1664 mox
761 1603 907 1683 typicam,
929 1622 988 1682 qua
1010 1605 1103 1664 semel
1124 1605 1242 1684 signato
1265 1613 1346 1674 erat,

206 1703 333 1764 formam
359 1723 478 1784 egressa
507 1705 536 1766 vi
565 1705 656 1766 insita
677 1707 806 1766 ulterius
827 1706 859 1765 in
880 1707 1054 1767 mortalium
1068 1725 1187 1786 ,genere
1209 1727 1273 1802 sese
1296 1726 1347 1768 ex·

208 1809 312 1869 seruit.
335 1807 515 1870 Praesertim
535 1829 552 1868 a
570 1810 794 1894 reformationis
813 1809 884 1870 inde
903 1801 1038 1889 tempore
1064 1831 1154 1890 quam
1179 1811 1347 1892 diligentis·

208 1911 282 1972 sime
298 1912 445 1974 Ecclesiae
460 1913 592 1972 notionis
603 1913 764 1993 explicatio
782 1913 999 1993 investigetur,
1016 1922 1052 1974 ut
1069 1933 1219 1983 errorum,
1237 1913 1348 1992 quihus

208 2013 356 2074 hodierna
374 2013 506 2075 Ecclesia
524 2015 657 2087 laboret,
679 2018 834 2097 aperiatur
851 2017 934 2085 fons,
955 2026 987 2076 et
1005 2035 1153 2096 quaenam
1170 2017 1283 2077 frustra
1300 2035 1347 2078 re·

208 2116 386 2179 formatores
415 2121 447 2179 in
476 2121 606 2181 Ecclesia
635 2121 849 2182 constituenda
877 2121 958 2182 tueri
987 2121 1086 2180 conati
1109 2121 1186 2190 sint,
1214 2119 1347 2182 dilucide

209 2220 296 2280 nobis
325 2232 475 2302 appareat.
518 2221 594 2292 Quia
622 2234 724 2285 tamen
753 2224 861 2285 nullibi
882 2224 991 2284 melius
1012 2242 1102 2302 quam
1123 2222 1348 2284 reformationis

209 2333 344 2404 tempore
375 2323 525 2388 Ecclesiae
558 2328 664 2388 idcelis
696 2309 829 2391 notionis
861 2327 1021 2408 explicatio
1054 2326 1092 2387 ab
1124 2336 1250 2387 externa
1281 2327 1347 2388 eius

210 2429 397 2508 apparitione
419 2431 553 2510 dignosci
566 2441 665 2512 potest
677 2441 768 2511 atque
787 2432 936 2500 discerni,
955 2439 1104 2491 ettamen
1123 2431 1155 2490 in
1173 2429 1352 2510 dogmaticis

211 2532 272 2590 suis
294 2532 331 2592 dc
354 2531 504 2595 Ecclesiae
527 2537 652 2597 notione
673 2536 812 2596 formulis
833 2535 1054 2597 constituendis
1076 2535 1152 2596 nihil
1174 2535 1238 2595 fere
1260 2553 1277 2594 a
1299 2532 1358 2594 Ro·

210 2636 405 2696 manensihus
440 2637 663 2700 Reformatores
696 2639 858 2709 differunt,
885 2647 992 2718 sponte
1021 2639 1052 2698 in
1082 2639 1185 2698 oculos
1212 2637 1355 2706 incurrit,

213 2759 302 2818 quam
331 2761 436 2821 parum
465 2743 580 2822 privam
609 2763 715 2804 eorum
744 2763 777 2803 ac
800 2743 951 2823 propriam
973 2743 1156 2802 sententiam
1179 2739 1358 2820 dispiciant,

212 2845 264 2922 qui
286 2845 317 2904 iu
335 2845 473 2906 formulis
488 2847 660 2909 istiusmodi
678 2848 882 2926 aequiescunt.
916 2845 973 2917 Qui
993 2846 1069 2905 scire
1088 2847 1187 2926 cupit,
1209 2861 1357 2923 quaenam

212 2949 343 3025 genuina
372 2949 613 3011 Protestantismi
642 2951 789 3011 Ecclesiae
818 2950 903 3010 notio
933 2949 989 3017 sit,
1018 2948 1124 3009 sedulo
1154 2948 1356 3026 undecunque

213 3051 352 3132 colligat,
374 3053 518 3134 quicquid
539 3053 726 3114 haesitanter
749 3052 886 3120 subinde
900 3051 937 3112 de
960 3051 1111 3112 Ecclesiae
1140 3051 1264 3112 notione
1291 3067 1357 3128 pro·

215 3155 343 3216 tulerint
371 3155 613 3227 Reformatores‚
635 3167 682 3227 et,
711 3157 854 3237 quoniam
875 3155 984 3216 melius
1005 3155 1037 3214 in
1055 3153 1187 3216 Ecclesia
1206 3151 1356 3214 constitu-

216 3259 309 3328 enda,
332 3279 422 3338 quam
444 3261 476 3321 in
499 3261 669 3341 dogmatice
692 3279 727 3320 ea
743 3259 931 3328 definienda,
953 3267 1088 3318 mentem
1104 3277 1189 3318 suam
1207 3257 1358 3336 explicue-

216 3371 304 3431 runt,
316 3381 436 3423 omnem
447 3363 613 3433 Ecclesiae,
624 3372 713 3443 quam
726 3362 943 3430 condiderunt,
956 3362 1160 3441 organismum
1172 3379 1261 3440 quam
1273 3377 1358 3420 accu-

216 3466 365 3526 ratissime
377 3477 585 3546 perscrutetur
601 3467 638 3546 8);
662 3467 799 3545 inprimis
818 3475 919 3525 autem
939 3483 1061 3535 eorum,
1086 3466 1137 3544 qui
1157 3464 1359 3526 secundarum

216 3568 436 3648 tertiarumque
466 3569 498 3628 in
524 3585 678 3628 sacrorum
704 3565 915 3629 emendatione
940 3566 1075 3645 partium
1097 3576 1214 3626 actores
1236 3559 1359 3628 exstite-

216 3680 305 3743 runt,
334 3671 371 3732 de
401 3670 533 3732 Ecclesia
559 3671 725 3732 sententias
752 3662 940 3749 penitissime
967 3678 1143 3748 cognoscat,
1165 3669 1236 3750 quia
1257 3688 1359 3732 rerum
1408 3684 1413 3694 ¹

246 3955 316 4020 ⁸)In
336 3958 437 4008 liutheri
459 3957 488 4008 de
507 3957 614 4008 Ecclesia
637 3955 756 4006 sententia
776 3953 957 4021 pervestiganda
981 3950 1079 4002 eandem
1098 3952 1163 4002 viam
1182 3953 1304 4016 ingressus
1323 3953 1360 4002 cst

220 4043 336 4099 xhsutxu,
353 4039 465 4091 Euther’s
488 4042 564 4091 lehre
581 4057 627 4090 oon
647 4040 691 4090 der
707 4040 806 4090 Kircfce.
823 4039 943 4102 stuttgart
959 4035 1039 4093 1853,
1061 4035 1102 4100 qui
1120 4035 1171 4100 ipse
1191 4035 1261 4085 dicit:
1297 4034 1360 4094 ,Die

222 4125 411 4187 „gegenwiirtige
432 4123 521 4172 Schrift
541 4123 584 4172 hat
603 4123 648 4171 deu
669 4122 752 4170 Enoch
764 4159 770 4172 .
784 4158 806 4172 ..
829 4121 875 4170 mit
895 4117 1050 4182 mhglichster
1071 4117 1230 4180 Genauiglrcit
1250 4131 1293 4165 eus
1312 4117 1360 4166 Lu-

220 4201 311 4259 „ther’s
345 4205 464 4254 Schriften
499 4204 617 4268 diejcnige
657 4203 896 4266 Grundanschauung
923 4217 970 4251 rou
1000 4199 1041 4248 der
1070 4199 1157 4248 Kirche
1185 4186 1361 4258 darzustclieu,

224 4282 327 4338 „welche
348 4287 403 4335 dem
419 4302 518 4350 grcsseu
536 4285 685 4334 Reformator
706 4285 748 4334 der
765 4285 854 4334 Kirche
871 4284 940 4346 eigen
959 4298 1022 4340 war,
1040 4281 1090 4330 und
1105 4281 1148 4330 ihu
1164 4281 1203 4329 bei
1220 4279 1254 4329 ull
1270 4279 1361 4329 seinem

225 4365 334 4420 „Lehrcn
353 4367 403 4416 und
417 4368 517 4417 Wirkeu
533 4367 630 4432 geleitet
645 4365 696 4416 uud
713 4365 790 4416 belebt
806 4364 873 4416 het.''
891 4367 913 4416 S.
933 4365 955 4415 2.
990 4365 1023 4414 ut
1039 4379 1095 4413 saue
1114 4362 1304 4412 Lutherunorum
1319 4361 1362 4410 Ee·

222 4446 308 4498 clasiae
330 4449 502 4514 multomagis
522 4465 595 4514 parve
612 4465 654 4499 suo
671 4447 755 4500 libello
771 4449 875 4514 profuit,
893 4463 964 4513 quam
983 4445 1061 4506 the,
1080 4443 1190 4496 Delitsch
1210 4448 1234 4495 et
1254 4442 1362 4494 Kliefoth

222 4530 326 4596 copiosis
344 4531 394 4582 suis
411 4529 627 4584 lucubrationibus.
