3240 5100
741 287 780 347 97

192 495 281 566 caput
302 487 452 548 Ecclesiae
475 495 606 567 caperet.
647 486 706 548 Res
727 507 743 549 c
766 489 845 549 votis
866 489 970 557 cessit,
999 497 1030 548 ct
1051 490 1177 549 solemni
1199 489 1323 550 decreto

191 593 339 654 sancitum
362 603 425 662 est,
446 593 502 652 soli
524 591 634 652 dehinc
656 593 836 654 consistorio
855 593 1135 654 excommunicandi
1153 603 1323 672 competere

190 697 253 766 ius,
275 698 340 758 sine
362 697 423 757 ulla
446 697 569 757 omnino
591 697 807 775 provocatione
820 697 850 778 ²).

676 882 834 892 -—-

230 1005 343 1076 Quodsi
365 1008 396 1067 in
424 1006 484 1067 ilne
506 1007 597 1068 huius
618 1009 760 1069 sectionis
781 1028 798 1069 e
820 1007 907 1068 nobis
926 1007 1096 1088 quaeritur,
1118 1023 1178 1086 quo
1199 1006 1321 1066 nomine
1406 1003 1409 1008 ’

188 1109 337 1180 Ecclesia,
359 1131 448 1190 quam
471 1111 600 1173 Genevis
621 1113 757 1174 condidit
780 1112 936 1182 Calvinus,
963 1111 1084 1172 diflerat
1106 1110 1144 1170 ab
1165 1129 1200 1170 ea
1222 1109 1322 1169 Eccle-

189 1215 249 1274 siae
272 1216 419 1296 imagine,
449 1235 538 1295 quam
567 1216 739 1296 inscriptis
766 1218 827 1276 suis
856 1215 1011 1295 depinxit,
1042 1213 1142 1274 obiter
1163 1212 1321 1292 sequentia

188 1317 348 1379 observare
380 1320 471 1380 iuvat.
513 1319 547 1378 In
580 1321 699 1399 scriptis
731 1319 845 1381 Galvini
878 1320 1030 1380 societatis
1065 1317 1232 1378 characteri
1265 1315 1323 1376 etsi

187 1422 380 1482 levississima
402 1423 529 1503 vestigia
551 1425 583 1483 in
608 1422 740 1484 Ecclesia
766 1433 943 1503 supersunt,
972 1441 1065 1502 quum
1094 1432 1199 1482 contra
1228 1417 1347 1480 Gens--

188 1527 324 1585 vensium
347 1525 479 1586 Ecclesia
502 1547 518 1586 a
541 1527 692 1588 societatis
714 1538 822 1587 natura
845 1545 968 1607 prorsus
987 1525 1130 1586 abhorret
1152 1535 1183 1590 et
1205 1542 1322 1585 merum

187 1629 360 1690 institutum
383 1640 429 1689 est
451 1629 598 1690 habenda.
641 1630 739 1691 Habet
768 1629 917 1699 Ecclesia,
939 1649 1028 1708 quarn
1054 1629 1085 1688 in
1108 1629 1227 1708 scriptis
1248 1627 1322 1688 deli·

186 1742 257 1792 neat
279 1731 436 1801 Calvinus,
456 1732 538 1792 hunc
559 1733 616 1792 sibi
639 1734 825 1812 propositum
847 1732 954 1802 linem,
976 1743 1011 1792 ut
1029 1731 1149 1792 divinae
1168 1731 1323 1792 doctrinae

187 1847 362 1916 promoveat
385 1839 597 1896 auctoritatem
618 1848 649 1896 et
672 1837 915 1896 observationem
937 1836 1028 1895 buius
1057 1835 1212 1896 doctrinae
1238 1852 1321 1914 prae·

186 1949 344 2018 ceptorum
366 1941 396 1999 in
419 1941 480 1999 vita
503 1941 613 2019 exigat.
647 1939 794 2000 Similiter
811 1958 932 2019 quoqne
951 1938 1171 1999 Genevensium
1190 1935 1322 1997 Ecclesia

186 2059 222 2102 eo
252 2043 367 2112 tendit,
398 2054 450 2113 ut,
483 2045 524 2104 1⁰.
554 2062 657 2103 omnes
689 2044 830 2103 dociliter
861 2043 1009 2102 imbibant
1041 2061 1107 2102 eam
1136 2041 1321 2108 doctrinam,

186 2165 275 2224 quam
299 2147 483 2206 verissimam
506 2167 522 2206 e
545 2166 628 2207 sacra
651 2149 799 2227 scriptura
821 2147 972 2206 derivasse
998 2144 1054 2205 sibi
1077 2143 1237 2206 videbatur
1259 2142 1322 2203 Cal·

184 2250 288 2318 vinus;
320 2251 363 2310 20.
385 2261 419 2310 ut
441 2251 575 2329 corrupti
597 2269 697 2311 mores
718 2251 924 2330 corrigantur;
958 2250 1000 2308 3⁰.
1022 2249 1155 2328 denique
1178 2257 1213 2308 ut
1235 2246 1322 2306 effer·

185 2363 357 2414 vescentem
379 2354 565 2413 bilaritatem
583 2364 762 2432 compescat.
804 2353 948 2422 Ecclesia,
972 2353 1068 2431 qualis
1086 2371 1103 2411 c
1122 2351 1241 2431 scriptis
1259 2349 1322 2410 Cal·

185 2458 247 2517 vini
276 2457 627 2538 cognosciturgaliquam
656 2467 738 2518 certe
768 2458 919 2518 sentiendi
945 2455 1126 2534 dicendique
1148 2455 1322 2515 libertatem

175 2555 326 2621 'fidelibus
348 2561 502 2630 concedit,
532 2580 620 2640 quam
651 2571 755 2621 contra
781 2562 916 2640 undique
938 2561 1194 2638 circumscriptam
1217 2559 1322 2637 depre-

184 2663 346 2724 hendimus
368 2665 399 2723 in
422 2663 554 2724 Ecclesia
577 2663 763 2733 Genevensi,
793 2683 868 2743 quae
895 2682 1076 2743 magnopere
1100 2661 1322 2741 Theologorum

186 2767 216 2824 in
240 2767 351 2826 divinis
375 2769 547 2827 auctoritati
571 2767 700 2827 favebat.
743 2766 832 2827 Hisce
862 2777 1098 2827 consentaneum
1119 2767 1151 2826 in
1174 2763 1321 2834 Ecclesia,

186 2889 275 2948 quam
305 2869 472 2930 theoretice
502 2870 643 2930 Calvinus
671 2871 846 2950 descripsit,
875 2871 1008 2950 ipsorum
1031 2869 1166 2930 lidelium
1188 2887 1322 2929 summae

186 2974 217 3032 in
247 2972 379 3035 Ecclesia
407 2975 573 3034 maiestatis
602 2973 839 3043 ratiohabetur
867 2975 897 3034 in
927 2974 1075 3054 eligendis
1100 2974 1262 3042 ministris,
1290 2974 1322 3032 in

186 3075 324 3136 doctrina
352 3078 580 3145 constituenda,
609 3087 642 3136 ut
668 3086 699 3136 et
721 3077 752 3136 in
774 3077 949 3156 disciplinae
971 3095 1037 3137 usu.
1080 3075 1190 3136 Contra
1212 3077 1243 3136 in
1266 3075 1320 3136 Ge·

187 3180 363 3250 novensium
385 3179 518 3240 Ecclesia
541 3179 677 3240 fidelium
700 3181 764 3239 iura
783 3198 906 3259 prorsus
925 3180 1137 3259 negliguntur,
1159 3179 1218 3239 nisi
1240 3178 1321 3256 quod

187 3283 296 3342 tacitus
325 3284 363 3342 iis
391 3283 422 3342 in
449 3293 602 3362 pastorum
624 3284 780 3342 vocatione
803 3283 998 3362 permittatur
1018 3300 1190 3342 consensus.
1233 3279 1321 3344 Nulla

188 3387 310 3446 omnino
331 3405 436 3446 eorum
459 3388 537 3446 ratio
558 3386 689 3446 habetur
710 3387 741 3445 in
768 3385 916 3465 eligendis
945 3386 1007 3445 sive
1037 3383 1228 3454 Senioribus,
1256 3386 1320 3446 sive

188 3487 341 3557 Diaconis‚
368 3499 414 3558 et,
444 3491 525 3568 quod
554 3491 640 3569 peius
669 3490 777 3558 etiam,
805 3499 925 3567 praeter
954 3487 1090 3568 suffragii
1119 3488 1165 3548 ius
1186 3489 1322 3548 muneris

188 3611 306 3672 quoque
340 3594 405 3653 iure
438 3595 611 3674 privantur;
643 3603 674 3652 et
707 3591 956 3672 Presbyterorum
988 3603 1170 3661 conventus,
1210 3592 1321 3671 quippe

188 3697 399 3775 amagistratu
421 3715 437 3755 e
459 3697 640 3774 magistratu
662 3696 820 3774 eligendus
842 3694 992 3756 Ecclesiae
1012 3693 1249 3775 repraesentatio
1270 3693 1322 3753 ha·

189 3797 253 3858 beri
276 3817 398 3878 prorsus
419 3801 541 3879 nequit,
570 3818 663 3878 quare
685 3808 768 3858 recte
790 3799 821 3857 in
843 3797 946 3858 libello
978 3797 1133 3858 »Ordoun
1155 3797 1251 3858 Eccl.''
1279 3798 1323 3857 di·

188 3911 313 3962 cuntur:
338 3900 459 3962 Commio
480 3902 514 3960 dc
537 3902 566 3962 lu
590 3900 765 3980 Seipneuric.
807 3901 843 3960 ln
872 3900 1018 3971 Ecclesia,
1047 3903 1143 3981 qualis
1165 3919 1181 3960 e
1204 3901 1323 3980 seriptis

188 4005 303 4067 Calvini
325 4007 533 4086 cognoscitur,
562 4015 715 4085 pastorum
746 4004 820 4064 ordo
848 4023 909 4064 non
935 4015 995 4065 tam
1018 4006 1110 4084 longo
1132 4004 1228 4084 spatio
1250 4023 1321 4084 prae

190 4108 366 4169 Senioribus
394 4110 544 4188 dignitate
571 4111 715 4176 excellet,
744 4119 775 4168 et
804 4091 995 4187 aliquatenus
1020 4119 1102 4168 certe
1124 4108 1161 4168 ad
1185 4106 1325 4168 Seniores

190 4212 309 4291 quoque
332 4222 363 4270 ct
386 4211 532 4272 Diaconos
553 4212 709 4272 doctrinae
732 4229 803 4270 cura
826 4211 966 4290 pertinet.
1009 4209 1093 4272 lnter
1121 4213 1201 4292 ipsos
1222 4221 1324 4272 autem

231 4453 250 4514 2)
268 4465 344 4500 orsa.
362 4469 383 4502 o.
395 4452 413 4502 1.
431 4455 494 4512 144,
512 4454 572 4513 370,
591 4454 653 4512 373,
672 4455 728 4503 393.
745 4467 867 4504 cucuma.
889 4470 911 4506 o.
925 4453 941 4504 1.
962 4453 985 4504 S.
1005 4454 1044 4505 50.
1066 4467 1172 4504 conum.
1192 4471 1213 4506 o.
1224 4455 1243 4505 1.
1263 4455 1284 4506 I.
1302 4457 1325 4508 S.

192 4534 249 4584 312.
267 4537 387 4587 nn‘vrsun.
406 4551 427 4586 o.
441 4535 458 4586 1.
476 4551 500 4601 p.
518 4536 558 4616 lb.
577 4534 711 4586 conamen.
729 4552 750 4586 o.
763 4534 779 4586 l.
798 4551 822 4598 p.
839 4537 879 4585 42.

1215 4623 1226 4660 r
