3228 5102
847 308 887 368 82

298 495 433 566 Ecclesia
457 502 630 574 condenda,
661 505 857 585 gubernanda
881 465 1017 570 versatus
1039 508 1094 578 sit;
1124 508 1166 568 3⁰.
1188 507 1320 586 denique
1342 506 1439 570 verbo

296 600 513 678 indicabimus,
551 626 700 688 quaenam
738 610 913 674 differentia
952 611 1102 674 theoriam
1138 613 1220 674 iuter
1258 621 1291 673 et
1328 611 1438 693 praxim

297 704 419 770 intersit
431 708 462 789 ³).

770 982 955 994 ——a—-u

753 1179 923 1258 CAPUT
955 1183 984 1258 l.

304 1378 307 1386 '
348 1371 436 1418 RATIO
457 1377 674 1424 noctuslasrlm
695 1383 870 1440 ululsrouir,
894 1387 998 1437 QUALIS
1019 1385 1185 1429 anonumum
1207 1383 1237 1430 lu
1257 1383 1395 1429 nummo:

524 1524 728 1591 Oedoaaoeces
748 1529 988 1613 Ecclesiastiques
1007 1532 1042 1594 de
1066 1532 1171 1595 Geadce
1183 1533 1212 1614 1).

337 1970 511 2032 Instituitur
547 1968 698 2031 Ecclesiae
732 1970 948 2050 gubernandae
982 1971 1060 2032 ratio
1093 1971 1131 2032 ad
1163 1989 1299 2032 normam
1331 1985 1435 2030 sacrae

298 2076 481 2156 scripturae,
510 2072 533 2155 (a
543 2073 582 2134 Et
609 2072 687 2133 ainsi
715 2091 803 2134 coorta
824 2074 951 2135 ordered
971 2081 998 2135 et
1019 2075 1129 2152 estable
1151 2075 1186 2134 de
1207 2075 1301 2136 sciere
1323 2080 1349 2134 et
1369 2090 1436 2152 par·

298 2180 372 2240 »dee
394 2197 429 2239 eta
450 2184 546 2238 eostre
566 2178 635 2238 cille
656 2185 682 2238 et
704 2177 849 2238 territot’re
872 2179 901 2238 lo
919 2179 1013 2257 pelice
1035 2177 1274 2258 Ecclesiastiqoe,
1295 2177 1344 2258 qai
1365 2178 1437 2238 a'eu·

296 2290 394 2350 amit:
423 2301 528 2342 mutuae
555 2299 641 2367 recites¹
655 2299 760 2359 eoyoos
789 2281 891 2360 qa’elle
919 2288 960 2342 est
983 2281 1086 2360 primae
1112 2282 1148 2342 de
1170 2281 1333 2361 lEooape‘le
1353 2281 1388 2341 de
1408 2279 1436 2341 J.

297 2385 490 2468 »Odeist²).”)
526 2397 557 2447 et
591 2385 705 2448 veteris
738 2384 890 2446 Ecclesiae
912 2387 1172 2447 consuetudinem.
1215 2385 1329 2466 (tuom
1350 2401 1437 2445 eoem

298 2491 417 2553 »trooee'
447 2509 500 2570 que
528 2491 565 2550 le*
581 2491 713 2551 meilleur
739 2497 781 2550 est
810 2509 845 2551 eo
873 2497 930 2551 cest
958 2491 1070 2552 endroit
1097 2492 1132 2552 de
1160 2491 1254 2552 sciere
1277 2490 1381 2551 l’erdre
1401 2488 1437 2550 de

297 2593 444 2672 „l'Eplise
464 2593 604 2654 ancienne
615 2594 677 2676 3).”)
698 2629 739 2640 -
760 2592 968 2654 Ministrorurn
990 2595 1065 2656 ordo
1087 2596 1118 2655 in
1137 2605 1268 2674 quatuor
1286 2593 1435 2656 dividitur

298 2696 1436 2779 classeam.Pastorasboctoras,Senioresecuiaaoni⁴),-

299 2802 535 2864 Pectoribus
569 2802 655 2863 verbi
689 2803 852 2862 mandatur
884 2802 1089 2862 ministerium
1118 2812 1149 2862 et
1177 2811 1436 2862 sacramentorum

300 2905 530 2968 administratio.
572 2903 752 2984 Disciplinae
781 2923 901 2984 quoque
931 2905 1118 2966 exercendae
1147 2907 1194 2966 ius
1219 2907 1256 2966 iis
1284 2923 1344 2966 una
1365 2923 1436 2965 cum

302 3008 480 3071 Senioribus
502 3009 691 3088 permittitur
703 3010 732 3091 ⁵).
775 3008 954 3088 Priusquam
975 3028 1087 3069 munus
1106 3010 1216 3070 adeant
1238 3009 1349 3089 triplici
1370 3027 1436 3069 sese

301 3115 481 3176 submittere
503 3111 617 3173 debent
638 3113 785 3182 examini,
804 3114 842 3173 de
864 3114 997 3193 puritate
1019 3113 1191 3183 doctrinae,
1215 3133 1252 3174 an
1271 3114 1333 3174 sint
1350 3131 1436 3174 voca·

301 3219 377 3279 tioni
400 3218 518 3287 idonei,
541 3217 639 3295 deque
661 3215 819 3277 honestate
840 3217 1001 3298 morumii.
1044 3215 1240 3297 Coeptotione
1263 3218 1351 3278 alecti
1370 3235 1437 3297 pro·

302 3320 368 3382 bari
405 3319 519 3379 debent
546 3317 738 3397 magistratui
766 3307 854 3398 (petit
882 3319 1005 3400 conscii)
1034 3330 1065 3380 et
1092 3318 1241 3381 Ecclesiae
1254 3320 1288 3403 ');
1318 3317 1437 3402 probati

302 3432 524 3486 sacramentum
552 3420 624 3482 fidei
647 3420 786 3500 Syndieis
803 3423 1013 3504 praebeant⁸).
1056 3423 1250 3505 Magistratus
1272 3445 1289 3486 a
1310 3443 1437 3486 munere

342 3749 363 3814 ³)
381 3748 418 3800 (tf.
436 3759 461 3798 Δ.
481 3745 894 3799 n.n1aarna.mtrb.dea1ram.
913 3749 964 3800 und
984 3750 1026 3802 Ee.
1047 3750 1174 3802 Kirebenr.
1196 3751 1280 3802 Berlin
1302 3752 1375 3803 1858.
1400 3755 1435 3804 5².

302 3835 338 3887 ed.
356 3834 379 3884 S.
398 3831 446 3880 139
464 3832 489 3878 ct
505 3829 563 3880 482.

342 3917 363 3980 1)
380 3911 481 3978 Duplici
497 3911 535 3960 nsi
554 3926 636 3960 sumus
653 3911 771 3971 editione,
788 3912 864 3962 altera
882 3914 1025 3964 Genevensi:
1043 3917 1089 3966 Lea
1107 3917 1270 3968 ordonnaneea
1286 3915 1437 3968 Ecclesiasti-

304 4015 361 4067 qaee
382 3997 413 4048 de
433 3995 537 4061 l’quiee
557 3995 587 4044 cle
606 3993 710 4054 (iecere,
727 3997 783 4046 item
806 3996 895 4048 l’erdre
918 3997 960 4047 des
980 3999 1062 4048 Eceles
1084 3998 1114 4047 de
1133 3999 1209 4048 ludite
1226 3996 1275 4048 cite*
1295 3998 1311 4048 ὰ
1332 3997 1437 4061 Genlee,

302 4095 359 4130 avec
376 4075 491 4144 privilege
508 4091 568 4142 pour
584 4077 659 4125 Artas
675 4076 794 4128 Ohauvin.
812 4078 955 4138 MDLXII.;
973 4079 1059 4139 altera,
1078 4094 1149 4145 qnam
1165 4080 1268 4129 inseruit
1284 4094 1308 4132 Α.
1326 4094 1348 4132 n.
1365 4094 1438 4132 niort·

303 4177 366 4223 run,
384 4163 410 4212 in
426 4194 438 4221 a
447 4162 486 4212 die
495 4160 682 4225 Evanqettaeten
691 4161 935 4227 Kirelrenordnunpen
944 4163 987 4212 dea
996 4162 1077 4212 xvlan
1086 4164 1252 4214 Jalrbltm.
1265 4163 1285 4214 1.
1298 4165 1320 4215 S.
1331 4163 1379 4213 342
1388 4179 1438 4230 sqq.

297 4245 418 4310 Quoniam
437 4243 573 4293 authentica
589 4243 664 4292 editio
680 4259 728 4292 non
743 4245 872 4311 unicnique
889 4248 993 4308 prostat,
1011 4249 1136 4312 utramque
1152 4245 1283 4296 editionem
1301 4247 1438 4299 citavimus.

301 4329 373 4379 Prior
390 4342 503 4378 numerus
519 4326 555 4377 ed.
573 4326 643 4384 (ian,
660 4327 779 4392 posterior
796 4340 917 4376 mortuom
934 4327 970 4378 ed.
989 4327 1112 4379 indicabit.

341 4413 361 4476 2)
380 4412 452 4462 Aetli.
471 4411 508 4460 ecl.
526 4425 549 4474 p.
566 4412 590 4461 4.
611 4409 701 4472 (maele.
718 4411 738 4459 I.
756 4412 779 4462 S.
798 4411 890 4472 3423.)

341 4495 361 4557 ³)
380 4493 417 4545 lb.
434 4509 460 4559 p.
478 4494 500 4544 6.
520 4492 550 4555 (Ι.
567 4493 590 4542 S.
609 4491 698 4554 342b.).
800 4493 819 4554 4)
838 4491 875 4542 Ib.
892 4507 916 4555 p.
934 4494 958 4543 4.
978 4494 1007 4555 (I.
1026 4493 1049 4542 S.
1069 4491 1158 4556 stet).

341 4577 361 4639 ⁵)
380 4575 416 4627 Ib.
517 4577 537 4638 ⁶)
556 4574 593 4626 lb.
693 4573 713 4637 ⁷)
732 4573 768 4626 Ib.
870 4571 890 4636 8)
909 4573 945 4624 lb.
963 4590 988 4639 p.
1005 4576 1035 4637 8,
1052 4577 1076 4627 9.
1095 4576 1125 4639 (Ι.
1143 4576 1167 4627 S.
1186 4577 1277 4639 348³).
