3240 5100
729 309 769 369 99

186 505 285 586 llapre
319 511 428 570 cotnra
464 524 517 570 aaa
541 509 777 570 institutum
805 513 846 568 εει
875 507 1035 568 leornioilns
1060 507 1237 570 ealrinseaos
1267 505 1319 568 ime

184 609 323 688 positam,
359 610 441 674 onias
474 611 590 674 onnon
617 611 837 689 fondamentum
865 619 907 672 εει
934 611 1065 672 sallinis
1092 610 1147 672 illa
1173 610 1319 682 delirioo',

187 732 273 793 qnare
293 731 312 776 o
332 713 421 777 llosis
441 714 508 778 inde
527 722 650 795 ternpore
670 733 759 797 asana
778 716 817 776 od
840 714 949 778 Claristi
969 715 1194 794 apparitionem,
1222 723 1248 776 el
1266 734 1320 795 per

187 817 281 895 ipsnrn
311 818 444 898 deinceps
475 818 621 882 Girislons
654 820 766 900 eiasane
798 820 945 899 Apostolos
975 819 1104 895 revelare
1134 819 1216 880 nobis
1243 819 1320 880 Rene

188 920 325 999 dipraotns
356 929 412 992 est,
441 941 581 1002 qnoeqoe,
609 923 696 986 aelati
722 923 837 1002 pratioe
866 916 1035 992 thesauros,
1064 923 1096 984 in
1124 941 1146 984 s.
1176 922 1320 1002 eorlplnra

189 1025 318 1103 deposito
356 1033 404 1086 est.
459 1025 514 1088 llst
550 1029 602 1088 troc
633 1027 795 1090 instituioni
826 1029 1070 1099 doctrinale,
1102 1035 1242 1107 qoatneos
1270 1027 1322 1092 loo

190 1127 245 1190 sili
264 1129 434 1196 nandolnrn
455 1129 540 1194 ιειει
561 1131 700 1210 officinm,
726 1139 759 1193 ει
780 1149 799 1192 ε
820 1131 878 1192 ileo
899 1133 938 1192 od
960 1133 1081 1193 salntem
1098 1129 1323 1210 praedestinatis

190 1231 448 1310 demoniacae
469 1233 604 1312 adplicet,
630 1235 818 1314 persuadeat,
846 1235 935 1296 nandi
955 1235 1059 1316 insipat
1080 1234 1323 1315 meminerant,

191 1343 276 1416 alane
296 1337 367 1400 adeo
388 1345 456 1402 tanc
476 1338 589 1400 demant
605 1339 765 1418 perfectura
787 1340 842 1401 erit
863 1347 889 1400 ει
910 1339 1087 1409 absolntorn,
1108 1357 1194 1419 panon
1211 1336 1324 1399 reiectis

106 1463 108 1467 ·
191 1441 292 1502 ceteris
318 1442 545 1522 reprobatisque,
571 1462 666 1504 onerees
687 1443 741 1503 llei
762 1444 842 1504 electi
862 1443 991 1504 divinant
1011 1442 1187 1512 doctrinam,
1211 1441 1325 1520 Splrilo

193 1543 279 1603 sinent
290 1550 315 1604 et
326 1543 459 1605 Ecclesia
470 1553 619 1624 operante,
634 1547 811 1626 perceperint
822 1554 906 1626 atqne
923 1547 1093 1606 εἐεεεεεεεε
1103 1547 1160 1626 fide
1171 1550 1255 1606 ernnl
1265 1561 1324 1604 orn·

189 1647 278 1726 pleni.
323 1645 387 1707 Una
416 1647 486 1707 leaeo
515 1647 646 1710 Ecclesia
668 1655 708 1709 est
729 1649 862 1709 andnimi
882 1648 1030 1708 doctrinae
1051 1665 1203 1716 consensa,
1226 1664 1326 1724 perpe·

194 1758 260 1820 tna,
288 1771 373 1831 panno
401 1751 478 1812 Ιιεεε
505 1770 567 1812 eaor
596 1759 757 1821 conservat,
786 1752 825 1812 ad
847 1751 1026 1813 sanctitatem
1047 1750 1180 1819 tendens,
1208 1749 1328 1829 deniqne

194 1855 231 1915 ει
253 1873 349 1915 errore
376 1873 467 1916 naono
494 1853 700 1937 (infallibilis),
728 1855 898 1935 irrqnantnrn
926 1854 1019 1915 sarlati
1046 1853 1174 1932 Spiritns
1198 1871 1328 1932 orpoaon
1347 1846 1403 1899 f

194 1957 293 2018 dioina
317 1959 409 2037 pollet
434 1960 618 2029 anctoritate,
646 1960 796 2020 dnmmodo
824 1961 878 2020 Dei
899 1960 981 2020 aerbo
1002 1958 1168 2018 adleoereal.
1210 1957 1329 2016 Praeest

195 2061 222 2121 ei
252 2060 383 2122 Otr-istos
405 2061 543 2123 llorninns
564 2069 674 2132 nostor,
704 2063 752 2142 qni
776 2063 851 2141 repit
872 2081 947 2131 earn,
966 2063 1040 2140 sonet
1061 2068 1144 2140 atqne
1164 2059 1328 2128 illnrninat,

196 2165 247 2224 εει
269 2165 349 2226 onias
366 2165 485 2245 irnperio
503 2165 535 2226 in
553 2165 694 2244 cloplicern
712 2165 850 2226 dividitor
868 2165 1012 2234 ordinera,
1034 2183 1153 2244 qnornrn
1170 2163 1248 2222 docet
1267 2161 1330 2232 laio,

196 2269 310 2329 dooetnr
327 2269 393 2338 ille,
415 2287 483 2348 qnos
501 2269 577 2328 inter
594 2269 664 2328 adeo
682 2285 716 2328 εε
733 2268 882 2329 intercedit
899 2268 1018 2338 relatio,
1040 2287 1097 2348 qna
1115 2286 1178 2328 cara
1192 2267 1330 2346 napistro

196 2371 333 2450 discipali
360 2372 503 2433 coniuncti
528 2391 587 2432 esse
613 2372 710 2432 soleat.
753 2371 953 2432 Ministrorarn
981 2371 1078 2432 ordini
1103 2369 1250 2431 doetrinae
1271 2367 1330 2428 tlre·

197 2492 317 2536 saararn
345 2476 483 2537 cornmisit
504 2477 595 2545 Dens,
625 2495 706 2554 qneoe
725 2475 941 2554 relipiosissirne
960 2480 1178 2554 perscrutentur
1201 2471 1329 2532 Docto·

198 2597 275 2647 res,
305 2578 492 2640 Pastores
520 2586 619 2640 contra
647 2579 679 2639 in
703 2579 802 2639 divina
824 2598 878 2640 sna
896 2579 1025 2658 potentia
1046 2597 1081 2638 oc
1102 2577 1206 2638 oirtnle
1223 2574 1330 2654 popolo

197 2683 375 2743 arranntlent.
428 2682 514 2742 Dedit
542 2682 643 2742 iisdern
670 2690 913 2743 sacramentornarn
942 2681 1237 2769 administrationem,
1266 2698 1331 2758 qno·

197 2805 263 2846 rara
280 2805 335 2846 aso
354 2786 504 2846 electororn
523 2803 571 2844 eor
593 2786 649 2865 fido
666 2785 794 2864 penitius
815 2786 997 2846 irnlaerotnr.
1040 2783 1125 2844 Dedit
1146 2802 1253 2863 quoqne
1274 2782 1332 2842 ola·

197 2889 273 2950 oinrn
302 2896 484 2968 potestatem,
516 2907 573 2968 qna
604 2888 675 2966 artat
706 2908 758 2968 per
788 2889 884 2949 corios
912 2889 1084 2968 disciplinae
1112 2885 1333 2947 Ecclesiastioae

197 2992 322 3070 prodas,
346 2993 506 3052 doctrinam
528 2991 583 3052 sibi
603 2991 781 3052 cornrnissorn
802 3011 821 3052 n
839 2991 1045 3072 profanatione
1066 2997 1215 3060 tneantnr,
1238 2995 1264 3049 ει
1284 2977 1334 3049 nli

198 3115 245 3156 res
269 3095 300 3156 id
328 3095 370 3154 ito
396 3095 535 3174 postulet,
564 3095 603 3155 ad
630 3096 716 3175 fidem
744 3096 770 3156 ei
788 3083 997 3176 praestandam
1017 3094 1045 3155 oi
1064 3095 1191 3154 tornines
1212 3093 1333 3152 obstrin-

198 3205 277 3277 pant.
323 3198 429 3270 Qnodsi
457 3217 493 3258 ne
518 3199 562 3259 oel
590 3199 631 3258 sic
660 3206 754 3258 tornea
772 3217 908 3278 perversa
930 3198 1024 3258 cordis
1045 3197 1166 3257 dorilies
1187 3197 1334 3274 consrinpi

197 3309 303 3381 potest,
334 3302 522 3380 inopistrotos
550 3308 665 3380 praesto
694 3307 749 3370 eat,
782 3301 831 3381 qai
859 3301 958 3362 dioina
985 3299 1154 3361 anctoritate
1181 3299 1334 3360 dorninans

146 3385 148 3391 Ι
201 3404 349 3466 Ecclesiae
376 3405 521 3466 coniliano
544 3405 624 3484 serre
652 3404 747 3475 debet,
782 3412 808 3466 ει
835 3396 929 3484 pladii
957 3405 1011 3465 sibi
1039 3404 1180 3465 commissi
1201 3403 1334 3464 iaceant

201 3510 317 3571 donare
349 3515 540 3569 cantarnaoene
568 3515 595 3569 ει
623 3525 810 3587 composcere,
839 3515 890 3568 εει
918 3507 1019 3568 noortis
1043 3524 1136 3586 poena
1171 3505 1335 3584 intrinpere

202 3613 361 3692 nefandam
378 3611 578 3690 peroiraciarn.
621 3611 706 3672 Plels
728 3618 828 3672 eontra
850 3611 987 3672 submisso
1009 3629 1044 3670 oo
1064 3610 1153 3670 docili
1172 3611 1268 3672 areima
1287 3611 1335 3670 do·

202 3716 261 3776 ceri
280 3735 312 3778 εε
330 3716 464 3795 patiatur
485 3723 511 3776 et
531 3715 609 3776 oerbi
630 3715 722 3776 divini
741 3716 889 3776 ministros
918 3731 1027 3776 snrnrno
1050 3715 1229 3776 veneratione
1254 3722 1338 3795 alpne

203 3821 383 3882 observantia
400 3827 606 3900 proseprntnr,
627 3819 718 3897 iisqne
735 3819 770 3878 de
788 3819 907 3880 leoreesta
924 3818 1033 3879 risendi
1050 3818 1162 3879 ratione
1178 3820 1255 3880 altro
1270 3837 1338 3899 pro·

205 4075 253 4110 nna
277 4074 330 4108 cam
353 4048 541 4106 Romanensibus
566 4055 692 4115 Calvinus,
714 4060 832 4122 superstes
853 4059 971 4116 maneret,
994 4055 1087 4106 etiamsi
1113 4056 1220 4106 deessent
1242 4071 1339 4122 prorsus

206 4141 298 4201 fideles,
325 4145 349 4190 et
370 4140 405 4188 nil
429 4140 477 4189 nisi
499 4155 591 4192 merum
611 4140 752 4188 institutam
778 4140 933 4190 inveniretur.
968 4139 1037 4188 Hanc
1058 4155 1140 4188 revera
1167 4139 1263 4190 Calvini
1290 4157 1340 4191 esse

204 4227 306 4273 menam
325 4224 352 4272 in
372 4223 437 4272 affini
455 4221 562 4287 exemplo
580 4223 631 4286 ipse
652 4237 694 4270 nos
714 4221 782 4270 docet
802 4237 845 4286 per
866 4222 923 4270 haee
945 4221 1026 4272 verba:
1056 4221 1199 4287 „Quicquid
1220 4223 1340 4274 Ecclesiae

209 4305 346 4364 „ministris
368 4304 444 4354 desert
465 4305 593 4369 scripture,
616 4305 642 4354 id
663 4309 754 4366 totam,
776 4321 824 4354 non
842 4305 903 4370 ipsis
921 4307 1017 4371 proprie
1036 4305 1186 4366 hominibus,
1209 4305 1251 4354 sed
1271 4305 1342 4355 mini·

209 4389 314 4449 „sterio,
335 4387 374 4436 cui
398 4391 522 4452 praesunt,
544 4386 639 4438 datur.”
671 4391 731 4438 last.
755 4387 797 4438 IV.
817 4388 838 4436 8.
858 4387 880 4438 2.
916 4387 964 4435 Ubi
983 4369 1055 4436 rides·
1069 4385 1231 4436 ministeriam
1254 4387 1340 4453 absque

206 4470 325 4520 ministris
341 4483 389 4518 non
405 4472 500 4518 tantum
517 4467 618 4531 cogitari
640 4483 717 4533 posse,
735 4469 776 4518 sed
790 4467 912 4534 propriam
931 4483 959 4516 ac
978 4467 1070 4533 privam
1088 4467 1162 4516 huius
1181 4467 1341 4520 institutionis

206 4549 312 4601 indolem
328 4549 468 4615 exprimere.

1111 4583 1117 4599 ἱ
1147 4583 1152 4599 ἱ

1113 4618 1116 4626 ι
1169 4618 1174 4626 r

1112 4649 1116 4662 e
1147 4631 1240 4687 final·

1146 4671 1174 4689 J!

1140 4709 1142 4719 ι
1170 4699 1214 4718 ¹¹.

1168 4743 1170 4747 ι
1208 4735 1216 4748 ι]
