3240 5100
746 287 806 354 139

208 489 248 548 eit
277 487 337 549 »ed
356 489 450 551 totius
468 489 619 553 Coelesiee
637 493 669 554 io
687 491 748 554 nuo
760 507 832 573 erga
840 489 997 553 Christum
1007 492 1267 555 confirmationem
1281 491 1343 573 '’i’'

209 590 350 661 Quamvis
379 594 474 674 igitur
500 613 593 675 grave
621 614 694 677 erge
717 595 812 658 Deum
834 596 1000 676 impietatis
1020 597 1227 660 testimonium
1251 597 1342 660 edere

207 697 229 757 ii
256 697 400 758 censendi
428 708 515 768 sunt,
543 701 595 780 qui
637 699 802 780 »Baptismi
824 717 913 760 usum
935 700 1122 780 legitimum,
1142 701 1215 761 dum
1236 700 1342 762 haberi

127 811 134 825 ·
207 811 344 881 »potost,
373 804 534 884 negligunt
559 813 650 885 atque
677 801 962 885 contemnunt‘⁰);''
990 805 1038 866 rel
1060 805 1103 865 sie
1125 815 1227 866 tamen
1248 805 1342 885 probe

206 905 372 966 tenendum
395 915 457 976 est,
499 926 576 969 snos
598 927 659 969 non
681 919 743 970 tam
765 910 858 970 inseri
880 909 1000 989 proprio
1021 907 1172 968 Ecclesiae
1195 926 1249 988 per
1270 906 1342 988 Bep-

207 1009 366 1077 »tismum
399 1029 489 1090 quam
521 1013 694 1074 insitionem
723 1024 856 1074 nostram
885 1014 1003 1093 potius,
1031 1012 1228 1092 promissione
1256 1011 1343 1072 nobis

207 1113 377 1183 ademtam,
405 1115 501 1175 veluti
530 1131 585 1195 per
606 1117 739 1196 sigillum
760 1116 928 1195 quoddam,
951 1116 983 1175 in
1004 1115 1063 1176 hee
1084 1135 1101 1176 a
1123 1113 1235 1176 Christi
1257 1116 1342 1176 insti·

206 1225 345 1285 statum,
374 1217 527 1298 obsignari
550 1217 613 1301 ³¹).''
656 1217 817 1280 Feiluntur
845 1220 938 1300 igitur
966 1221 1121 1300 egregrie,
1150 1219 1202 1299 qui
1230 1217 1342 1299 eBep·

205 1320 286 1381 tismi
308 1321 569 1384 administratione
588 1333 744 1384 oeternum
761 1325 889 1384 salutem
901 1323 1034 1404 pendere
1046 1323 1248 1398 arbitrantur,
1258 1341 1327 1384 nam
1334 1357 1342 1392 ,

206 1425 253 1484 »si
281 1426 351 1486 ideo
379 1443 585 1496 servaremur,
613 1429 683 1507 quia
712 1427 914 1508 baptizemur,
943 1437 1092 1506 quatenus
1120 1427 1263 1506 equidem
1288 1445 1343 1506 per

206 1526 411 1608 »neptunum
431 1531 552 1592 Christo
574 1531 718 1612 primum,
739 1542 831 1612 atque
853 1532 896 1592 ita
918 1532 998 1592 vitae
1020 1532 1111 1591 etiam
1134 1539 1276 1592 aeternae
1297 1531 1342 1589 in·

206 1633 370 1704 »serimum
394 1653 466 1695 sene
495 1634 663 1716 Beptismo,
684 1635 716 1696 id
738 1633 819 1715 quod
841 1633 895 1696 Dei
916 1635 1007 1696 solius
1029 1635 1184 1714 proprium
1207 1641 1267 1702 est,
1290 1633 1342 1694 tri·

207 1734 390 1796 »haeremus
402 1735 465 1817 Ὗ

245 1837 274 1914 β.
307 1836 355 1899 De
385 1837 502 1899 Sacra
531 1838 666 1900 Coena.
688 1873 729 1884 -
750 1839 791 1898 1⁰.
813 1837 957 1919 definitio.
1000 1836 1122 1898 »Coena
1152 1836 1271 1899 Domini
1298 1850 1343 1900 est

207 1941 342 2004 »Christi
364 1943 533 2012 institutio,
554 1943 586 2002 in
608 1960 667 2022 qua
689 1959 744 2023 per
765 1943 850 2023 penis
872 1952 903 2003 et
925 1943 1024 2022 poeuii
1046 1941 1164 2002 Coenae
1186 1942 1343 2023 participe·

208 2045 345 2106 »tionem
377 2047 518 2108 salutaris
549 2047 643 2126 ipsius
674 2062 756 2107 mors
789 2047 950 2107 visibiliter
982 2062 1036 2107 suo
1065 2047 1156 2107 modo
1184 2047 1343 2108 annuntie·

208 2149 359 2231 »tur⁵⁸);’'
393 2151 440 2210 vel
472 2147 581 2220 etiem,
613 2165 692 2210 »een
711 2149 898 2230 inseetinghe
920 2148 1046 2218 Christi,
1065 2150 1229 2212 daemnede
1251 2152 1283 2212 in
1305 2151 1343 2213 de

208 2252 340 2314 »herten
369 2254 425 2314 der
452 2253 637 2334 geleuighen
662 2254 793 2333 betuygt
814 2264 853 2313 en
875 2252 1047 2334 verseghelt
1069 2253 1184 2322 werdt,
1210 2254 1250 2314 de
1271 2253 1343 2334 ghe-

209 2371 393 2438 »meynseap
415 2358 468 2420 des
485 2357 630 2420 iiohaems
647 2358 726 2418 ende
744 2357 863 2418 bloedts
880 2353 1010 2426 Christi,
1032 2357 1075 2417 als
1094 2359 1143 2435 wij
1162 2357 1216 2418 det
1233 2357 1345 2420 hroodt

209 2461 309 2522 »ende
342 2462 402 2523 den
428 2463 518 2523 heiek
544 2463 597 2523 dos
626 2461 746 2522 Heeren
775 2462 919 2542 genieten
947 2476 1004 2522 nae
1033 2479 1090 2542 syn
1119 2461 1209 2522 beuel
1238 2461 1343 2541 inghe-

210 2567 319 2636 »stelt,
340 2576 388 2628 tot
407 2567 523 2647 synder
543 2566 796 2647 ghedaehtenisso
808 2565 871 2647 ⁵⁴).’'
892 2598 932 2612 -
953 2567 995 2626 2⁰..
1020 2565 1142 2644 Siqomtt
1159 2567 1191 2626 in
1210 2585 1231 2626 s.
1250 2583 1344 2626 coena

209 2687 275 2730 esse
304 2670 393 2732 donet
435 2687 519 2730 »non
546 2671 688 2750 equidem
710 2686 819 2750 penem
841 2679 893 2730 aut
915 2670 1019 2730 riuum
1032 2669 1104 2749 ⁶⁵),’'
1127 2671 1180 2731 sed
1222 2670 1345 2730 »dietri-

210 2775 390 2836 »butionem
416 2775 511 2854 ipsam
537 2793 572 2835 oe
600 2773 863 2854 participationem
889 2775 974 2853 penis
995 2775 1027 2833 iu
1049 2773 1220 2857 ooeue⁸⁸).''
1242 2808 1283 2818 -
1303 2774 1344 2834 3⁰.

209 2877 379 2954 Mystert'uot
406 2877 483 2937 nihil
509 2878 591 2938 eliud
614 2887 675 2946 est,
706 2896 795 2956 quam
838 2895 931 2938 »vere
954 2896 987 2938 ae
1010 2879 1151 2938 salutaris
1172 2879 1229 2959 piis
1251 2879 1346 2939 omni·

211 2981 290 3041 »hus
317 3000 385 3041 eum
413 2980 533 3042 Christo
560 2979 689 3042 Domino
714 2981 745 3040 in
777 2997 902 3059 corpore
925 2999 959 3040 ee
981 2982 1128 3059 sanguine
1150 2981 1245 3060 ipsius
1267 3000 1346 3042 eom·

211 3085 416 3164 »munio³⁷).’'
445 3119 486 3130 —
512 3086 556 3144 4⁰.
584 3083 717 3161 Myroni
744 3082 906 3162 replicatio.
950 3081 1062 3144 »Panis
1090 3078 1198 3148 irretio
1227 3091 1347 3146 testatur

212 3207 341 3269 »eorpus
370 3181 481 3248 Christi
504 3206 558 3267 pro
580 3187 668 3248 nohis
689 3179 816 3246 ireetem
839 3204 903 3246 esse
927 3205 960 3246 ee
982 3187 1014 3246 in
1036 3197 1165 3248 mortem
1188 3184 1347 3257 traditam,

212 3302 266 3352 »et
290 3293 431 3372 poculum
450 3297 573 3352 testetur
595 3291 774 3370 sanguinem
796 3288 908 3350 Christi
930 3291 961 3349 in
983 3300 1081 3351 morte
1104 3292 1198 3372 ipsius
1219 3311 1273 3372 pro
1294 3310 1346 3353 no·

212 3395 281 3456 »his
309 3395 434 3456 effusam
462 3413 527 3456 esse
553 3391 814 3454 inremissionem
835 3391 1119 3474 peecatorum⁵·),”
1142 3395 1184 3456 ite
1206 3396 1346 3475 quidem,

243 3657 274 3722 ⁴⁹)
293 3656 329 3707 lb.
347 3673 372 3722 p.
391 3655 443 3708 88¹1.
465 3657 502 3709 cf.
525 3659 593 3725 Oonf.
603 3658 668 3724 fidei
686 3673 709 3722 p.
728 3657 767 3707 16.
790 3658 923 3719 (enerues.
942 3655 1008 3720 959.)
1027 3658 1052 3705 et
1070 3656 1156 3707 Forma
1175 3671 1204 3706 ao
1222 3660 1270 3706 rot.
1291 3658 1347 3710 min.

213 3739 288 3792 tend.
305 3753 329 3804 p.
348 3737 396 3789 126
414 3741 511 3791 et180.
613 3739 644 3802 ⁶⁰)
665 3743 746 3789 Treui.
764 3737 794 3788 de
811 3739 916 3790 rimam.
933 3754 957 3805 p.
974 3739 1028 3788 v21⁸.

242 3823 273 3884 ⁵¹)
291 3823 336 3888 Ep,
361 3822 396 3872 ad
417 3823 565 3874 Melanrhtlr.
591 3823 652 3884 (Ser.
677 3823 728 3870 ant.
751 3819 785 3870 II.
811 3819 847 3869 1³.
869 3821 937 3882 tes.)
964 3819 1006 3868 nbi
1032 3815 1134 3870 salutem
1151 3833 1236 3870 ‘eorum
1255 3835 1348 3888 quoque

213 3903 345 3955 insentibus
364 3903 466 3962 tribuit,
479 3903 527 3970 ¹qui
547 3903 591 3953 sub
611 3900 695 3952 Tereia
716 3899 819 3965 degunt,
838 3901 905 3960 ,etsi
922 3917 971 3952 non
987 3897 1165 3966 baptizentur?

242 3987 274 4048 ⁸²)
294 3985 375 4039 fiori.
392 3988 422 4037 de
440 3989 547 4038 Sacram.
565 4002 588 4051 1).
607 3982 660 4036 11¹³.

243 4069 274 4130 ⁵³)
292 4069 378 4119 Forma
396 4083 425 4117 ae
441 4071 489 4117 rei.
506 4061 561 4118 min.
578 4065 653 4116 Lond.
671 4081 694 4130 p.
713 4065 770 4116 181.
788 4065 825 4116 Cf.
843 4064 875 4114 ib.
895 4065 951 4114 184.

243 4150 276 4212 54)
296 4151 347 4200 Cat.
361 4149 436 4200 lond.
453 4150 507 4199 reat.
516 4165 539 4214 p.
549 4149 611 4199 102.
628 4145 685 4199 103.
698 4145 734 4196 (ii.
747 4149 827 4198 Trooi.
836 4144 867 4197 dr
876 4149 981 4197 Sacram.
991 4162 1014 4212 p.
1024 4147 1080 4208 90³,
1091 4149 1115 4196 et
1128 4145 1267 4213 impimisp.
1281 4147 1349 4199 114³.

244 4232 275 4295 55)
293 4231 381 4282 mma
400 4240 429 4281 ae
448 4232 511 4282 rano
530 4231 586 4282 men.
605 4231 680 4282 nont.
700 4245 725 4295 p.
747 4230 802 4280 204.
824 4229 861 4281 or.
879 4229 911 4280 n.
930 4229 1069 4280 aot-eos.
1095 4229 1175 4282 nter.
1195 4229 1225 4280 de
1245 4231 1350 4282 meam.

216 4331 240 4380 p.
259 4313 316 4375 931³,
335 4314 404 4364 1052.
504 4312 542 4375 56)Ι
553 4314 596 4378 EJn
614 4315 649 4363 ad
664 4314 731 4362 Bou,
751 4313 809 4370 (Ser.
827 4316 878 4363 ani.
895 4311 938 4364 lv.
957 4313 991 4362 1².
1009 4307 1085 4375 tet).

245 4394 277 4458 ⁶7)
294 4396 372 4446 Form.
390 4407 419 4444 ue
434 4398 482 4444 rat.
500 4395 555 4444 mio.
572 4395 648 4444 Lond.
666 4409 689 4460 p.
711 4393 767 4444 904.
793 4393 831 4445 Os.
852 4393 884 4446 ib.
906 4387 1023 4444 ⁵208-1o
1043 4397 1066 4443 et
1086 4393 1227 4448 211-231.
1254 4395 1298 4467 up.
1319 4395 1354 4450 ad

216 4477 339 4528 Hardenb.
358 4477 418 4538 (Sor.
435 4480 486 4526 out.
503 4473 539 4527 11.
558 4475 592 4526 2³.
611 4467 686 4538 099).
706 4477 787 4528 Troos.
805 4492 834 4527 ae
851 4475 956 4528 decrero.
974 4493 998 4548 p.
1016 4473 1088 4532 105b,

246 4558 277 4621 58)
294 4561 381 4614 Forma
397 4575 427 4609 oo
443 4561 490 4610 rai.
508 4559 564 4611 min.
582 4557 657 4609 lond.
674 4573 699 4624 p.
717 4559 774 4612 181.
