3228 5102
816 283 856 343 48

271 485 509 546 »documentum
520 482 590 566 44),”
617 501 678 564 qno
704 485 849 545 certiores
870 483 1035 544 reddamur
1076 503 1154 545 »nos
1175 485 1267 546 semel
1289 486 1320 547 in
1344 504 1404 546 om·

271 607 363 650 »nem
384 589 478 649 vitam
499 587 581 649 ablui
604 607 637 648 ac
659 586 856 670 purgarilill'
898 587 982 648 'lune
1003 587 1220 668 huncquoque
1239 589 1403 660 utilitatem

269 691 377 763 habet,
404 693 486 773 quod
528 701 684 752 »nostram
714 693 746 752 in
768 690 889 753 Christo
909 691 1175 754 mortificationem
1197 693 1331 754 ostendit
1351 711 1404 754 no·

270 796 355 867 abis,
377 806 468 876 atque
490 814 599 857 novam
620 797 653 857 in
674 814 711 856 eo
729 797 822 857 vitam
834 795 907 878 44);”
928 805 960 857 et
992 806 1098 857 »certo
1116 797 1203 858 nobis
1221 795 1404 858 tertiflcatur

270 917 353 961 anon
374 901 465 962 modo
486 901 517 961 in
540 919 660 961 omnem
680 908 811 960 mortem
833 909 864 960 et
882 901 976 963 vitam
994 899 1106 961 Christi
1125 917 1180 960 nos
1198 901 1306 962 insitos
1325 918 1403 968 csse;

269 1003 346 1064 »sed
374 1003 430 1084 ipsi
456 1002 576 1064 Christo
601 1003 704 1064 unitos
725 1021 806 1073 esse,
834 1011 869 1064 nt
891 1005 1026 1068 omnium
1047 1002 1121 1064 Eius
1142 1005 1291 1065 botrorum
1312 1002 1404 1083 parti·

269 1107 373 1187 seipes
391 1106 559 1189 simus⁴⁵).’'
602 1105 811 1168 »Confessioni
840 1107 972 1187 denique
1007 1118 1129 1169 nostrae
1158 1109 1238 1188 apud
1266 1108 1404 1168 homines

269 1211 333 1270 »sie
355 1211 448 1272 servit
470 1209 652 1290 Baptismus:
673 1210 823 1290 siquidem
848 1220 920 1272 nota
942 1222 1004 1280 est,
1026 1231 1084 1290 qua
1110 1213 1208 1291 palam
1226 1209 1405 1292 profitemur

269 1314 403 1395 »populo
424 1311 479 1374 Dei
500 1315 653 1374 accenseri
675 1315 768 1374 velle:
790 1333 849 1394 qua
871 1325 1019 1376 testamur
1040 1334 1095 1376 nos
1113 1316 1145 1376 in
1164 1315 1254 1375 unius
1271 1313 1325 1374 Del
1343 1313 1405 1374 cul·

269 1429 372 1488 otum,
396 1418 437 1478 ln
470 1436 562 1478 unam
593 1418 774 1499 religionem
806 1437 875 1478 eum
904 1419 1044 1480 omnibus
1073 1417 1251 1479 Christianis
1279 1435 1404 1480 eonsen-

268 1521 425 1604 »tire⁴⁸)‚’'
467 1521 531 1583 Etsi
564 1523 659 1604 igitur
686 1533 813 1604 „tantam
848 1523 1013 1604 baptismus
1047 1523 1078 1582 in
1111 1524 1239 1583 salutem
1270 1531 1405 1582 nostram

267 1623 378 1686 babeat
407 1626 484 1696 vim,
513 1635 659 1706 tantaque
685 1627 726 1687 sit
755 1628 821 1689 eius
842 1628 873 1688 io
896 1633 1016 1686 ornnem
1037 1627 1130 1686 vitam
1151 1633 1287 1684 nostram
1308 1622 1404 1685 effica-

267 1729 357 1799 citas,
376 1739 477 1789 tamen
491 1727 705 1810 ¹grauissimam
738 1731 902 1791 »iniuriam
920 1730 1036 1790 iaciunt
1055 1729 1244 1810 promissioni
1263 1727 1333 1797 Dei,
1352 1727 1404 1807 qui
1507 1804 1509 1808 Ι

268 1827 456 1894 »infantibus
478 1851 540 1893 non
561 1834 665 1894 tiuetis
687 1833 833 1896 claudunt
853 1831 927 1894 Eius
942 1832 1160 1914 regnum⁴⁷);''
1204 1831 1311 1910 »quasi
1329 1829 1405 1890 adeo

268 1937 479 1997 »necessarius
508 1948 589 1998 esset
617 1937 759 2018 baptismi
780 1956 866 2008 usus,
888 1948 923 1998 nt
944 1925 1070 2017 periisse
1092 1935 1231 2016 protinus
1255 1935 1405 1994 existima·

269 2049 392 2109 aretur,
413 2041 462 2100 cui
484 2041 550 2100 eius
571 2040 730 2101 obtinendi
752 2039 880 2101 facultas
902 2040 1041 2120 adempta
1063 2038 1191 2113 estll).”
1234 2036 1311 2098 Hine
1331 2053 1405 2116 ergo

268 2160 361 2234 quum
386 2143 424 2203 iis
446 2142 538 2204 ollieit
560 2143 717 2215 Calvinus,
760 2145 834 2223 »qui
857 2145 1045 2205 ablutionem
1067 2152 1098 2204 et
1119 2143 1249 2203 salutem
1270 2149 1406 2200 nostram

268 2264 368 2324 »aqua
390 2245 494 2325 perlici
516 2247 710 2330 putant⁴⁹)'’‚
732 2246 770 2308 ab
792 2248 888 2308 altera
909 2258 994 2327 parte
1017 2257 1118 2308 tamen
1137 2264 1199 2306 non
1216 2243 1317 2304 minus
1332 2244 1407 2303 acri·

268 2358 316 2409 ter
333 2347 490 2410 invehitur
507 2350 538 2411 in
557 2369 625 2419 eos,
655 2351 729 2430 »qui
744 2351 867 2430 impune
882 2351 1035 2411 contemni
1051 2369 1137 2430 posse
1153 2347 1335 2428 baptismum
1343 2346 1378 2428 ⁵⁰)
1386 2346 1405 2376 ''

269 2449 439 2532 perhibent.
462 2451 632 2533 baptismus
653 2455 735 2515 enirn
767 2472 852 2514 »non
874 2455 957 2516 nudo
980 2465 1098 2515 tantum
1121 2452 1291 2534 spectaculo
1313 2449 1406 2530 pascit

270 2557 412 2626 rocnlos,
441 2556 494 2616 sed
516 2557 548 2616 in
570 2575 635 2616 rem
657 2567 847 2636 praesentem
868 2575 924 2618 nos
946 2559 1085 2627 adducit,
1107 2567 1154 2627 et,
1176 2555 1258 2636 quod
1279 2553 1406 2635 figurat,
1429 2608 1432 2613 .

271 2685 284 2712 a
293 2659 456 2721 efficaciter
478 2661 568 2720 simul
589 2662 694 2741 implet
706 2660 774 2742 ⁵¹).''

312 2765 339 2840 β.
371 2763 413 2823 de
434 2781 547 2824 saera
569 2781 690 2824 coeno.
723 2765 765 2824 lt
787 2763 931 2846 definitio.
952 2764 1053 2827 -Saera
1072 2783 1165 2826 coena
1187 2768 1407 2824 sacramentum

271 2877 334 2936 est,
377 2867 469 2928 »ideo
501 2887 518 2928 a
550 2866 670 2927 Christo
698 2867 890 2939 institutum,
917 2879 952 2929 nt
974 2869 1108 2950 corporis
1129 2877 1161 2928 et
1183 2867 1339 2946 sanguinis
1361 2863 1407 2925 sui

272 2969 566 3032 »communicatione
587 2970 711 3031 educari
733 2973 764 3031 in
786 2991 870 3052 spem
891 2973 971 3034 vitae
993 2984 1134 3034 aeternae
1156 2971 1271 3032 animas
1288 2979 1407 3030 nostras

273 3093 352 3135 anos
374 3075 513 3143 doceret,
534 3075 627 3154 idque
648 3074 737 3136 nobIs
752 3087 871 3136 eertum
889 3077 1033 3138 redderet
1045 3077 1110 3159 ⁸²)st
1132 3111 1173 3123 -
1193 3077 1234 3136 2⁰.
1254 3073 1282 3135 S.
1301 3072 1409 3133 Coeooc

272 3177 417 3238 elucente.
461 3175 489 3238 S.
519 3177 619 3240 Coena
646 3159 753 3240 itidem
782 3181 902 3242 duobus
930 3181 1088 3243 elementis
1116 3181 1306 3248 continetur,
1334 3192 1407 3255 quo·

272 3299 341 3341 rum
379 3280 463 3360 prius
503 3291 550 3342 est
586 3283 754 3362 proscissio,
813 3303 893 3364 »qua
933 3303 1055 3346 earnem
1087 3303 1171 3346 suam
1203 3301 1275 3344 vere
1307 3279 1408 3341 eibum

273 3381 401 3466 »(lesus)
429 3393 561 3445 testatur
589 3395 621 3446 et
650 3387 829 3466 sangninem
858 3406 942 3449 snam
971 3399 1092 3468 potum,
1129 3386 1239 3465 quibus
1261 3387 1293 3446 in
1315 3385 1408 3446 vitam

274 3495 452 3546 »aeternam
477 3487 644 3568 pascimur,
674 3508 787 3569 quase
809 3509 918 3571 panem
939 3492 1019 3553 vitae
1042 3489 1186 3559 affirmat,
1214 3489 1252 3549 de
1274 3505 1335 3567 quo
1355 3483 1408 3564 qui

303 3687 335 3752 ⁴²)
353 3691 414 3741 Inst.
431 3689 474 3742 IV.
493 3691 532 3743 ts.
551 3691 575 3741 l.
676 3693 708 3755 ⁴³)
726 3695 788 3746 Ima.
804 3694 847 3747 IV.
865 3696 905 3747 15.
923 3695 946 3746 3.
964 3695 993 3747 ef.
1014 3697 1098 3747 Oomm.
1116 3693 1150 3743 ad
1164 3692 1225 3756 Epir.
1243 3688 1272 3738 V.
1290 3687 1330 3737 26.

303 3771 335 3834 ⁴⁴)
354 3774 414 3822 [nst.
432 3772 475 3824 IV.
494 3774 535 3824 15.
553 3773 576 3823 d.
677 3775 710 3838 ⁴⁵)
727 3776 787 3830 [καί.
805 3777 847 3828 IV.
866 3779 906 3828 15.
925 3779 948 3827 6·
1048 3778 1080 3840 ⁴⁶)
1098 3778 1158 3826 last.
1176 3772 1219 3823 IV.
1237 3771 1276 3821 16.
1295 3767 1335 3819 13.

303 3850 335 3915 47)
352 3853 395 3918 Ep.
415 3856 482 3906 Cato.
500 3855 546 3920 Op.
564 3855 630 3905 Tem.
648 3857 705 3908 IXb.
724 3857 794 3910 abab.
815 3859 845 3910 el.
867 3861 930 3911 Vera
947 3860 1010 3910 Eeel.
1027 3859 1074 3923 ref.
1090 3860 1138 3906 rat.
1160 3854 1226 3904 Tom.
1243 3850 1315 3903 VIII.
1337 3845 1407 3900 abab.

274 3938 299 3986 et
316 3937 400 4002 Refert.
420 3939 550 3989 Catholici.
567 3937 634 3990 I'om.
651 3939 722 3994 VIII.
739 3939 810 3992 333b.

303 4017 335 4081 ⁴⁸)
353 4018 414 4072 last.
431 4019 474 4070 IV.
493 4021 534 4070 10.
552 4019 592 4070 20.
610 4021 640 4072 ei.
657 4021 700 4072 IV.
719 4023 759 4072 to.
778 4021 817 4072 20.
841 4021 871 4072 el.
888 4023 981 4072 Lettree
998 4021 1028 4072 de
1047 4021 1112 4072 Calo.
1129 4020 1166 4070 ed.
1184 4029 1295 4070 noanon.
1311 4015 1333 4066 I.
1349 4015 1407 4066 438.

304 4099 335 4161 44)
353 4103 414 4154 Istat.
432 4103 474 4153 IV.
493 4103 532 4152 15.
550 4103 574 4151 2.
591 4103 621 4153 ef.
639 4101 682 4153 IV.
700 4103 741 4154 16.
760 4104 799 4152 14.

304 4182 335 4244 ⁵⁰)
354 4185 415 4235 Inat.
438 4183 481 4234 IV.
504 4184 544 4233 16.
570 4183 610 4233 26.
636 4183 666 4234 el.
689 4182 733 4234 IV.
757 4184 797 4236 16.
819 4184 860 4236 14.
878 4186 923 4251 Ep.
940 4185 975 4236 ad
989 4186 1015 4236 J.
1035 4186 1117 4236 Claud.
1134 4185 1200 4240 Tam.
1218 4184 1275 4238 be.
1298 4180 1366 4236 172¹·
1383 4184 1408 4232 tt

273 4263 322 4314 Ma.
343 4267 429 4314 aeneo.
447 4263 509 4328 apud
526 4275 615 4314 unser
631 4263 666 4315 11.
684 4264 708 4314 S.
727 4264 783 4316 260.

304 4345 335 4408 41)
355 4349 416 4398 inst.
433 4345 475 4396 IV.
494 4347 533 4396 16.
552 4347 592 4396 14.
610 4346 639 4397 cf.
657 4357 791 4396 sommant
806 4363 829 4400 o.
840 4347 859 4398 l.
875 4347 897 4400 I.
914 4349 973 4404 457.
990 4353 1015 4400 et
1031 4363 1133 4402 sturno.
1150 4368 1173 4402 o.
1184 4352 1202 4402 l.
1219 4368 1242 4418 p.
1260 4354 1301 4404 14.

275 4425 492 4564 ει4οὴοα14ὲ5ξεη.
514 4427 581 4481 Tom.
603 4427 675 4480 VIII.
701 4428 756 4481 tob.
782 4430 812 4482 ef.
837 4432 930 4486 nouzd.
961 4433 999 4486 ta
1018 4436 1098 4488 sainte
1119 4433 1182 4488 etro
1202 4434 1299 4504 alapres
1317 4434 1408 4488 Odoin.

304 4522 365 4562 ras.
449 4547 456 4562 .
