3228 5102
760 291 800 353 23

215 515 310 556 »num
332 496 436 556 oculus
454 494 517 577 ''l’'
559 495 605 554 An
628 495 669 556 ita
692 495 746 564 sit,
769 513 786 554 a
807 512 841 554 re
867 495 930 574 ipsa
959 493 1012 556 fiat
1041 496 1219 556 aestimatio.
1260 493 1351 557 Verbi

214 601 417 661 ministerium
440 608 471 659 et
493 609 750 659 sacramentorum
773 600 1066 660 administrationem
1088 602 1159 660 solis
1182 601 1353 680 pastoribus

215 707 365 788 permittit
384 704 427 785 38).
469 702 536 782 Ipse
559 703 673 764 fatetur
694 713 830 782 pastores
851 723 905 782 per
927 704 1044 783 aliquos
1066 705 1184 764 saccula
1205 705 1353 775 defuisse,

216 821 337 872 etcum
360 809 397 868 iis
420 807 503 868 verbi
525 817 843 886 sacramentorumque
865 808 1083 878 ministerium,
1105 809 1123 870 i.
1140 828 1166 868 e.
1188 827 1277 870 verae
1300 811 1351 870 Ec·

216 914 322 974 clasiae
353 922 455 980 notas3
484 945 523 955 -
551 911 719 970 necessarie
752 929 825 990 ergo
857 912 1011 990 sequitur,
1039 945 1080 958 —
1108 913 1202 992 ipsam
1232 931 1352 992 quoquc

216 1017 378 1078 Ecclesiam
400 1015 561 1075 interiissc.
605 1013 684 1084 Quid
706 1014 870 1094 respondet
892 1013 1050 1076 Calvinus?
1093 1014 1233 1077 Latuerit
1254 1018 1351 1078 Eccle-

216 1121 272 1190 sia,
304 1138 405 1198 neque
437 1119 540 1179 oculis·
559 1111 801 1199 conspiciendam
833 1137 899 1179 sese
932 1119 1122 1198 praebuerit,
1154 1119 1353 1182 nihilominus

217 1234 319 1284 tamen
337 1223 443 1284 adfuit.
477 1221 556 1292 Quid
574 1241 685 1302 quaeso
703 1223 807 1282 lucum
824 1223 923 1284 lacera
941 1233 1004 1293 est,
1025 1225 1084 1284 nisi
1105 1223 1163 1284 hoo
1185 1223 1244 1284 sit?
1274 1223 1353 1296 Quid

217 1329 378 1389 absurdius
398 1327 524 1408 cogitari
546 1335 663 1406 potest,
685 1345 775 1405 quam
797 1327 999 1396 contendere,
1027 1328 1123 1408 latera
1145 1328 1300 1390 interdum
1322 1338 1354 1390 et

218 1451 398 1495 evanescere
421 1451 437 1492 e
460 1439 625 1509 conspectu
645 1430 823 1514 Ecclesiam,
845 1449 934 1510 quam
956 1430 1065 1491 definis
1085 1431 1240 1502 risibilem,
1268 1433 1354 1495 cuius
1417 1462 1442 1472 a

218 1537 295 1597 adeo
316 1535 422 1615 privus
442 1546 473 1595 et
495 1533 634 1614 proprius
656 1533 813 1594 character
830 1535 861 1594 in
884 1553 920 1594 eo
942 1535 1018 1595 situs
1036 1545 1098 1604 cst,
1121 1537 1202 1615 quod
1220 1538 1353 1618 conspici

219 1650 252 1701 et
282 1641 375 1702 veluti
412 1639 526 1720 palpari
558 1647 673 1718 potest,
704 1669 745 1684 -
776 1643 807 1698 et
839 1647 913 1698 tunc
944 1640 1024 1700 lacte
1056 1640 1234 1701 exclamare:
1275 1637 1355 1702 »nos

219 1754 347 1806 »contra
379 1743 539 1803 asserimus
572 1741 733 1802 Ecclesiam
769 1742 854 1802 nulla
885 1752 1050 1822 apparente
1085 1743 1181 1804 lorma
1216 1753 1354 1806 condere

220 1867 327 1929 »posse
346 1845 409 1928 ³⁹).”

260 1951 345 2012 Dicta
375 1950 540 2018 sufficient,
569 1957 603 2008 ut
632 1949 754 2028 opinor,
783 1957 818 2008 ut
843 1958 981 2029 apertum
1003 1951 1042 2012 sit
1064 1951 1244 2032 unicuique,
1266 1967 1356 2032 quam

219 2056 381 2117 infeliciter
402 2073 466 2114 rem
488 2070 573 2114 suam
595 2053 741 2113 adversus
761 2051 969 2114 Romanenses
986 2055 1084 2134 egerit
1106 2055 1256 2118 Calvinus.
1300 2055 1357 2118 oh·

219 2161 303 2220 rium
331 2169 380 2219 est
408 2159 570 2218 Ecclesiam
599 2157 683 2216 illam
711 2157 912 2226 invisibilem,
945 2175 1033 2236 quam
1066 2158 1144 2221 fides
1175 2161 1359 2224 credendam

221 2263 427 2332 commendat,
455 2259 533 2322 nibil
559 2261 682 2321 omnino
704 2261 742 2321 ad
764 2263 1042 2340 ipsam-Ecclesiam
1063 2265 1233 2344 pertinere,
1262 2275 1294 2326 ct
1315 2267 1360 2329 in·

222 2378 368 2446 quantum
390 2365 613 2446 praesenciam
637 2365 741 2425 adesse
764 2366 923 2436 credatur,
943 2385 1061 2428 merum
1084 2387 1148 2429 csse
1166 2371 1360 2449 cogitationis

222 2471 410 2552 figmentum.
453 2469 619 2548 Utramque
640 2467 802 2528 Ecclesiam
825 2470 901 2530 adeo
923 2479 1041 2532 temere
1056 2473 1137 2534 inter
1156 2491 1188 2534 se
1207 2473 1360 2544 confudit,

222 2583 258 2634 ut
278 2575 436 2653 limpidum
458 2571 551 2641 nibil,
579 2571 656 2632 nihil
686 2571 767 2650 quod
789 2573 980 2653 perspicuum
1003 2576 1042 2635 sit
1064 2585 1155 2656 atque
1177 2575 1361 2646 dilucidum,

223 2678 254 2738 in
277 2678 424 2737 Ecclesiae
446 2677 571 2736 notione
593 2685 756 2736 remaneat.
800 2675 886 2746 Quod
912 2679 998 2758 peius
1019 2680 1126 2749 etiam,
1155 2688 1217 2740 tarn
1239 2689 1361 2760 practer

223 2781 347 2841 modum
375 2779 519 2841 invisibili
549 2780 680 2842 Ecclesia
713 2778 934 2850 oblectabatur,
969 2791 1004 2842 ut
1039 2783 1151 2844 dehinc
1182 2784 1263 2845 omni
1296 2785 1360 2845 iere

224 2885 262 2945 dc
292 2885 440 2964 spirituali
463 2884 611 2944 Ecclesiae
640 2884 765 2944 notione
788 2885 925 2964 deposita
947 2886 1153 2947 sollicitudine
1173 2887 1361 2949 materialem

225 2988 339 3068 potius,
361 3007 378 3047 a
400 2986 641 3047 Romanensibus
659 2996 845 3056 mutuatam,
866 2988 1010 3067 presserit
1032 2989 1177 3064 adversus
1199 2990 1362 3071 Anabapti·

223 3100 300 3162 stas,
329 3103 360 3153 et
388 3092 479 3172 longe
506 3109 576 3170 prae
606 3091 754 3170 spirituali
780 3092 933 3152 extulerit.
975 3089 1020 3152 Ne
1042 3101 1144 3153 tamen
1173 3111 1271 3173 aequo
1292 3095 1360 3174 plus

224 3193 380 3254 Calvinum
407 3209 583 3272 urgeamus,
610 3207 678 3252 nam
705 3193 796 3252 illud:
830 3192 961 3272 Oedipus
987 3212 1106 3274 quoque
1133 3193 1196 3273 ipse
1226 3196 1360 3268 laborat,

225 3315 263 3358 eo
275 3298 436 3377 praecipue
452 3306 588 3374 tempore
604 3295 641 3355 de
654 3297 802 3356 Ecclesiae
818 3297 942 3357 notione
958 3297 1170 3358 constituenda
1185 3299 1305 3360 valebat
1316 3300 1360 3383 ω).

225 3401 339 3472 Quodsi
369 3402 435 3480 quis
464 3410 551 3480 putet
580 3400 729 3480 copiosius
756 3401 831 3461 hacc
860 3419 924 3461 csse
947 3417 964 3460 a
986 3399 1073 3460 nobis
1094 3401 1245 3481 exposita,
1271 3420 1361 3482 quam

139 3542 140 3545 =
225 3507 319 3566 totins
341 3504 560 3583 disquisitionis
580 3505 660 3564 ratio
681 3503 842 3574 suadebat,
871 3505 929 3565 rite
959 3505 1098 3566 aestimet
1120 3505 1226 3575 velim,
1255 3489 1361 3586 quanti

254 3712 285 3776 ³7)
309 3713 370 3763 Vera
387 3711 452 3762 Erat.
469 3711 515 3776 ref.
532 3715 581 3762 rut.
597 3711 663 3760 Eam.
681 3710 752 3760 VIII.
770 3727 794 3776 p.
813 3710 882 3765 287¹).

255 3795 287 3858 38)
304 3795 387 3846 Accu.
404 3795 431 3843 ic
448 3794 511 3845 decr.
528 3808 594 3845 coac.
612 3793 677 3844 red.
694 3795 717 3843 S.
735 3793 791 3844 VII.
815 3796 859 3844 ari.
878 3795 918 3844 10.
937 3793 1004 3846 Tum.
1022 3795 1093 3847 VIII.
1115 3811 1138 3860 p.
1158 3792 1232 3847 selba
1263 3796 1359 3855 „Nemo

229 3911 241 3939 „
250 3893 320 3928 sanus
332 3877 481 3927 Christianos
493 3891 574 3926 omnes
591 3875 617 3925 in
633 3874 699 3926 verbi
713 3877 965 3942 Sacramentorumque
980 3878 1187 3930 administratione
1205 3893 1273 3945 pares
1290 3879 1361 3942 iacit,

228 3977 293 4021 „non
311 3959 399 4020 solum,
419 3959 475 4024 quia
495 3958 604 4008 decenter
626 3962 650 4008 et
672 3958 754 4008 ordine
775 3960 827 4024 geri
845 3960 872 4008 iu
892 3959 999 4010 Ecclesia
1019 3961 1099 4010 omnia
1120 3961 1201 4021 decet,
1225 3959 1266 4010 scd
1288 3960 1362 4012 etiam

229 4045 310 4110 „quod
327 4041 443 4106 singulari
461 4041 552 4091 Christi
570 4041 681 4091 mandato
698 4043 728 4092 ad
745 4057 797 4091 eam
814 4057 865 4092 rem
882 4041 1025 4092 ordinantur
1041 4039 1172 4095 ministri.”

255 4125 289 4187 ³⁹)
305 4127 389 4190 Praef.
408 4125 442 4175 cd
457 4127 542 4174 Frena.
560 4124 589 4174 V.
606 4126 633 4174 c'a
650 4127 726 4174 Icst.
743 4127 795 4176 rei.
815 4125 926 4176 Christ.
944 4141 966 4189 p.
986 4125 1008 4175 2.

255 4209 287 4270 ⁴⁰)
307 4209 339 4258 cf
361 4221 403 4258 nn.
417 4205 530 4256 'ususnm
548 4208 595 4257 Die
609 4209 679 4258 tart.
695 4208 747 4258 aad
756 4208 853 4274 reform
870 4208 1044 4258 Kirciteclcdrr
1058 4207 1157 4258 eosdm
1169 4207 1265 4258 Kirclre'.
1283 4208 1305 4258 St
1320 4209 1359 4258 81.

227 4295 415 4342 minoramus.
447 4293 500 4342 Dor
519 4291 603 4356 dopmc
632 4307 677 4341 coc
706 4291 749 4342 der
775 4292 858 4341 matt.
887 4291 940 4341 und
963 4292 1130 4341 cmiedtlcrac
1150 4290 1253 4341 Kirrlte,
1274 4291 1300 4343 S.
1319 4293 1359 4344 69.

229 4387 362 4424 sensuum
378 4389 400 4422 o.
412 4371 429 4422 l.
446 4371 495 4422 ΠΙ.
519 4371 575 4426 179.
598 4385 730 4426 corruam
752 4374 869 4440 Spmtctak
889 4373 912 4423 S.
933 4373 990 4426 462.
1011 4375 1125 4423 edamus
1145 4388 1167 4422 o.
1184 4371 1201 4423 l.
1219 4385 1243 4438 p.
1259 4375 1283 4424 4.
1307 4387 1364 4422 ooa-

179 4488 182 4493 ,
227 4456 305 4506 urban
323 4472 344 4508 o.
356 4456 374 4508 l.
391 4472 415 4520 p.
434 4456 457 4506 6.
477 4467 604 4506 scuuma.
621 4471 643 4505 o.
655 4455 673 4507 1.
690 4473 714 4522 p.
733 4457 790 4525 131.
808 4468 906 4506 unaue.
924 4455 1076 4524 Ecpoad'dea
1092 4469 1149 4508 rurs
1164 4457 1232 4510 licui.
1244 4455 1277 4508 dc
1289 4457 1362 4508 draic-

225 4541 265 4606 plc
281 4543 305 4590 at
322 4540 352 4591 de
372 4539 462 4592 Oclrdc.
488 4537 577 4588 strum.
595 4539 669 4600 1847,
686 4554 711 4604 p.
728 4539 768 4589 28.
