3228 5102
824 266 863 326 te

274 466 558 549 »participationem
583 464 743 546 vocati').”
781 464 835 525 Est
856 463 931 526 haec
952 463 1085 526 Ecclesia
1107 463 1277 534 invisibilia,
1306 473 1409 544 quate·

272 591 329 633 nus
371 569 538 651 »reprobos
567 568 604 630 eb
632 570 731 630 electo
759 569 932 630 discernere
959 570 1052 630 solius
1081 569 1135 630 Dei
1162 579 1224 639 εει,
1253 587 1314 630 non
1342 587 1409 629 nos-

201 659 203 662 *
273 684 376 736 »trum
389 671 445 754 ³),”
480 681 511 732 et
570 671 648 730 »soli
679 669 741 732 Deo
778 672 981 752 permittenda
1013 681 1059 734 εει
1091 659 1225 753 cog'nitio
1257 670 1409 733 Ecclesiae

272 796 367 840 »suae
378 775 433 858 1’),”
454 783 596 855 proptera
618 773 700 853 quod
741 773 925 855 »singularis
948 775 1001 837 Dei
1019 773 1116 856 Ipsius
1134 777 1345 857 praerogativa
1362 784 1409 837 est

271 899 376 951 nosse,
405 880 457 960 qui
486 879 532 939 sui
561 877 694 960 sint¹⁰)’'
735 876 856 938 Fideles
885 888 916 940 et
945 879 1098 960 reprobati
1121 881 1267 941 itaiuter
1289 899 1321 941 se
1343 899 1408 960 per·

237 963 240 976 ’
270 985 359 1046 mixti
384 993 469 1053 sunt,
495 993 529 1042 ut
555 999 629 1042 suae
651 981 781 1061 quisquc
802 982 897 1062 ipsius
918 984 1076 1044 electionis
1097 1002 1187 1045 nemo
1209 985 1322 1046 certior
1342 983 1409 1045 fieri

270 1089 379 1170 possit,
402 1087 460 1147 nisi
502 1085 671 1147 »interiore
690 1085 848 1146 vocatione
861 1086 922 1167 ¹¹)''
945 1106 997 1148 cor
1017 1089 1083 1148 eius
1104 1089 1216 1148 excitet
1238 1087 1333 1158 Deus,
1361 1097 1408 1158 et,

270 1193 371 1274 quoad
391 1191 530 1251 habitum
551 1200 729 1258 externum,
770 1191 914 1251 »nullum
937 1210 1025 1272 saepe
1048 1193 1210 1253 discrimen
1232 1192 1314 1253 inter
1329 1191 1408 1252 lilios

270 1296 347 1358 »Dei
368 1307 400 1357 et
422 1293 577 1376 profanae,
606 1295 687 1354 inter
714 1296 872 1374 proprium
886 1296 959 1356 eius
980 1315 1105 1376 gregem
1127 1307 1159 1357 et
1180 1296 1244 1356 sera
1266 1296 1407 1357 animalia

270 1400 391 1460 »notari
419 1399 514 1480 possit
526 1397 569 1480 ¹²).
623 1389 690 1460 Non
719 1407 766 1459 est
795 1407 914 1470 tamen,
948 1399 1031 1479 quod
1055 1400 1169 1460 idcirco
1197 1401 1323 1460 tristitia
1351 1417 1408 1460 nos

269 1501 347 1564 allici
368 1513 557 1583 pateremur;
579 1520 680 1564 eoram
702 1500 765 1562 Deo
788 1503 869 1563 enim
891 1521 951 1564 non
995 1503 1084 1564 »idco
1105 1504 1241 1565 deterior
1263 1513 1310 1564 est
1331 1501 1407 1564 fides

269 1617 410 1677 anostra,
439 1606 520 1686 quod
549 1606 735 1686 incognitam
764 1605 979 1686 apprehendit:
1008 1607 1129 1687 quando
1154 1607 1203 1668 hic
1232 1626 1293 1668 non
1322 1606 1406 1667 iube·

268 1728 359 1770 »mur
380 1709 524 1789 reprobos
545 1707 584 1768 ah
602 1707 708 1768 electis
725 1707 914 1777 discernere,
940 1709 993 1768 sed
1020 1719 1104 1770 certo
1133 1719 1268 1771 statuere
1290 1711 1321 1771 in
1343 1710 1405 1770 ani·

268 1813 348 1874 »mis
369 1813 494 1882 nostris,
523 1829 628 1872 omnes
650 1829 717 1880 eos,
745 1811 798 1890 qui
822 1812 874 1872 lJei
896 1810 994 1873 Patris
1016 1814 1176 1874 clementia
1198 1833 1253 1894 per
1275 1813 1405 1894 Spiritus

268 1917 346 1978 »sati
376 1915 554 1986 efficaciam,
587 1916 619 1975 in
649 1913 759 1975 Christi
794 1915 1057 1995 participationem
1086 1928 1253 1987 venerunt,
1290 1918 1322 1978 in
1351 1916 1404 1978 Dei

269 2021 440 2100 »peculium
462 2037 496 2079 ao
517 2019 669 2099 propriam
691 2019 910 2097 possessionem
933 2033 1124 2100 segregatos,
1146 2041 1181 2082 ac
1200 2040 1294 2100 quum
1312 2022 1405 2082 simus

268 2123 322 2184 »in
361 2141 467 2184 eorum
505 2139 646 2190 numero,
685 2129 788 2181 tantae
819 2123 943 2201 gratiae
976 2141 1031 2184 nos
1063 2142 1128 2184 esse
1165 2135 1321 2186 consortes
1344 2125 1405 2206 ¹⁸).''

268 2225 335 2290 Non
355 2224 446 2288 floret
467 2224 543 2286 haec
564 2221 697 2284 Ecclesia
719 2223 837 2302 ingenti
859 2224 1063 2286 membrorum
1089 2227 1187 2307 copia,
1230 2246 1321 2288 »nam
1343 2228 1405 2288 exi·

267 2349 365 2410 »gaus
398 2347 543 2391 numerus
570 2337 601 2387 et
626 2326 863 2406 contemptibilis
891 2329 967 2390 latet
998 2330 1055 2390 suh
1086 2331 1204 2410 ingenti
1237 2331 1342 2401 turba,
1375 2341 1406 2391 et

269 2453 385 2514 »grana
405 2433 498 2494 tritici
517 2449 611 2511 pauca
630 2439 777 2509 teguntur
795 2431 899 2510 paleae
918 2433 1060 2512 congerie
1080 2432 1142 2514 ¹⁴).”
1161 2433 1296 2513 Denique
1314 2433 1405 2494 huius

269 2537 443 2599 »Ecclesiae
465 2536 695 2596 fundamentum
718 2553 784 2594 esse
813 2555 952 2596 arcanam
978 2537 1060 2596 illam
1085 2537 1265 2598 electionem
1289 2537 1344 2618 '‘l''
1374 2547 1406 2597 et

269 2660 318 2702 res
346 2642 409 2721 ipsa
437 2640 562 2709 clamat,
591 2646 622 2697 et
649 2637 680 2697 in
705 2637 788 2708 loco,
817 2658 907 2718 quem
932 2640 1107 2710 citavimus,
1135 2641 1250 2702 diserte
1275 2650 1406 2702 testatur

269 2745 418 2807 Calvinus.

310 2848 335 2909 h.
367 2847 499 2908 Ecclesia
528 2843 654 2908 visibilis
681 2845 826 2908 invisibili
854 2847 914 2917 illi,
943 2847 982 2908 de
1010 2867 1069 2926 qua
1097 2847 1245 2917 diximus,
1270 2847 1404 2909 velutie

268 2953 364 3014 latere
396 2949 530 3030 apposita
564 2959 626 3018 εει,
665 2967 740 3028 quas
776 2963 817 3010 ne
850 2948 895 3011 uti
934 2951 1016 3011 inter
1051 2969 1082 3011 se
1115 2951 1281 3012 confundas
1313 2960 1404 3030 atquc

269 3055 450 3136 permisceas
481 3052 559 3113 hene
590 3053 757 3113 cavendum
787 3063 841 3113 est.
895 3052 1016 3114 Etenim
1044 3073 1062 3114 a
1090 3055 1213 3115 coelesti
1242 3055 1293 3114 illa
1314 3055 1405 3114 simul

269 3169 361 3238 atque
393 3156 532 3218 terrestri
571 3157 822 3236 congregatione,
864 3177 953 3237 quam
985 3176 1085 3238 neque
1117 3159 1262 3238 temporis
1293 3159 1404 3238 premit

269 3261 425 3330 delinitio,
452 3278 552 3339 neque
581 3259 693 3320 finibus
729 3259 858 3320 includit
889 3261 1025 3322 locorum
1054 3262 1206 3332 extensio,
1241 3262 1332 3342 longe
1360 3262 1424 3322 dt·

270 3383 356 3428 versa
383 3363 432 3427 εει
459 3366 517 3426 alie
545 3365 596 3426 illa
625 3365 768 3434 societas,
808 3385 907 3444 aquae
929 3378 1070 3447 respectu
1090 3366 1248 3428 hominum
1270 3365 1403 3428 Ecclesia

266 3470 405 3531 adicitur
422 3468 486 3551 ¹⁸)”,
512 3487 589 3548 quae
611 3486 673 3528 non
690 3477 793 3528 mente
813 3477 931 3546 tantum
950 3471 1101 3540 cernitur,
1123 3471 1177 3532 sed
1196 3470 1290 3530 oculis
1311 3469 1404 3529 etiam

268 3573 448 3636 mortalibus
465 3571 708 3651 conspiciendam
726 3589 790 3632 sese
809 3573 950 3652 praehet,
972 3573 1335 3654 quatenus-congregatio
1357 3581 1403 3631 est

269 3697 392 3746 eorum,
413 3677 465 3756 qui
502 3691 616 3734 »unum
638 3692 670 3734 se
692 3673 788 3734 Deum
810 3685 841 3734 et
863 3675 1016 3737 Christum
1038 3679 1138 3738 colere
1156 3678 1329 3756 profiteatur
1351 3673 1403 3756 17)”

269 3792 302 3846 ει
322 3799 400 3861 quae
421 3778 556 3840 externis
581 3777 742 3858 signaculis
771 3778 834 3839 sive
856 3781 980 3841 tesseris
1001 3781 1087 3842 verbi
1109 3801 1148 3842 sc.
1176 3779 1346 3840 ministerio
1371 3788 1403 3838 et

269 3891 527 3945 sacramentorum
548 3880 824 3951 administratione,
845 3883 932 3944 sacile
951 3893 983 3944 et
1001 3895 1085 3950 certo
1103 3882 1182 3944 simil
1200 3884 1403 3964 cognoscitur.

270 3985 370 4056 Quum
392 3995 493 4046 autem
515 3982 612 4046 omnis
633 4002 762 4064 sequens
784 3984 957 4066 disquisitio
985 3997 1089 4050 nostra
1117 3989 1206 4049 unice
1232 3987 1270 4049 de
1292 3987 1403 4050 visibili

309 4249 551 4314 ammae
650 4252 894 4316 ammae
995 4258 1239 4320 ammae

299 4333 1406 4404 mmmm mm¹w.mmmmumm

299 4415 908 4480 mmmm mmfflaa

299 4496 909 4562 mmmm„mmwac

1595 719 1598 878 l
