3240 5100
827 265 887 328 aaa
914 217 916 221 ⁵

289 471 347 532 bns
386 469 555 550 promiscue
590 468 715 548 spiritus
751 467 798 528 sui
830 467 977 529 virtutem
1008 487 1062 548 per
1094 478 1280 530 sacramenta
1313 470 1426 530 exserit

287 573 386 643 heus,
408 591 509 652 »quae
530 573 651 631 nonnisi
671 570 708 631 ad
728 573 880 651 spiritales
898 571 1036 633 homines
1054 574 1209 653 pertinere
1228 572 1426 654 possunt³⁵)’'.

295 676 450 738 saeratae
482 693 555 756 ergo
597 674 696 736 »fides
721 677 891 736 necessarie
924 677 1107 755 requiritur,
1143 687 1179 736 ut
1210 676 1264 736 fini
1297 691 1352 737 suo
1384 695 1427 736 sa·

293 790 469 842 »aramenta
499 779 705 861 respondeant
724 779 793 860 ³⁶),”
822 779 892 858 quia
921 781 1078 841 ‘anonnisi
1107 780 1168 842 fide
1197 780 1428 861 apprehendun·
1501 761 1525 798 “’

291 883 442 966 »tur³⁷).''

334 987 384 1050 De
422 985 593 1065 siapalr's
634 983 905 1045 Sacrameotr's.
937 1019 978 1030 -
1008 1009 1036 1045 a.
1068 984 1118 1046 Do
1150 985 1358 1067 Baptismo.
1390 1019 1431 1030 —

294 1095 336 1154 1⁰.
357 1091 501 1172 definitio.
541 1088 732 1170 »Baptismus
760 1098 807 1148 est
834 1107 919 1148 sacra
949 1088 1002 1150 Dei
1031 1089 1200 1159 institutio,
1228 1091 1311 1152 iuxta
1341 1109 1430 1170 quam

296 1197 418 1258 „omnia
446 1194 598 1256 Ecclesiae
627 1193 762 1253 membra
791 1193 854 1254 sive
876 1195 908 1254 in
940 1194 1080 1263 infantia,
1109 1195 1172 1254 sive
1201 1195 1233 1254 in
1259 1195 1361 1255 adulta
1384 1213 1431 1254 ae·

297 1307 382 1360 »tate
411 1315 488 1378 aqna
516 1297 665 1378 Baptizari
693 1297 807 1358 dehent
836 1297 868 1357 in
896 1316 1008 1358 nomen
1029 1297 1083 1358 Dei
1102 1299 1213 1379 patris,
1234 1298 1304 1368 tilii,
1324 1309 1357 1359 ct
1374 1298 1432 1378 spi·

298 1407 397 1466 »ritus
418 1401 588 1483 sancti³⁸).'’
609 1435 649 1446 -
670 1402 713 1461 2⁰.
734 1399 911 1480 Mysteriam.
941 1400 1039 1462 »lium
1062 1403 1093 1462 in
1115 1421 1226 1464 nomen
1249 1401 1303 1463 Dei
1321 1402 1433 1470 Patris,

298 1508 388 1570 »Filii
420 1517 452 1568 et
484 1506 607 1587 spiritus
635 1503 737 1565 Sancti
765 1504 966 1584 baptizamur,
996 1506 1358 1586 invisibile'mysterium
1388 1515 1434 1564 est

299 1621 423 1674 »nostra
451 1630 520 1671 cum
548 1607 668 1669 Christo
696 1607 825 1668 Domino
853 1609 1105 1691 communio³⁹),”
1134 1613 1198 1680 vel,
1223 1611 1305 1689 qnod
1327 1609 1435 1669 codem

297 1718 395 1785 redit,
417 1733 493 1795 »per
515 1711 700 1792 Baptismum
722 1712 810 1772 nobis
831 1712 1010 1793 designatur
1032 1713 1128 1773 nostri
1147 1722 1179 1774 et
1197 1713 1293 1773 nostri
1312 1713 1435 1773 seminis

300 1819 454 1902 »gratuita
476 1820 507 1878 in
531 1816 584 1878 nei
607 1817 735 1897 gratiam
753 1818 920 1897 acceptatio
932 1817 994 1898 48).”
1013 1818 1107 1878 -3⁰.
1129 1817 1258 1896 Sipaam.
1287 1815 1435 1886 Quemad-

298 1924 439 1992 modum,
466 1921 519 1981 ubi
548 1921 586 1980 de
616 1920 818 1981 Sacramentis
847 1921 878 1980 in
901 1939 1013 2000 genere
1036 1921 1114 2002 agit,
1136 1939 1242 1982 corum
1264 1922 1383 2001 signum
1405 1920 1436 1978 in

300 2026 453 2106 corporeis
481 2025 640 2085 elementis
669 2021 864 2084 statuendum
894 2043 959 2086 esso
988 2035 1096 2106 negat,
1120 2026 1162 2085 sic
1185 2044 1322 2105 quoqne,
1343 2023 1438 2084 Lasco

302 2132 417 2199 iudice,
440 2129 493 2190 »in
515 2127 667 2208 Baptismo
689 2147 766 2209 aqua
788 2129 851 2208 ipsa
873 2111 1015 2208 Baptismi
1036 2128 1133 2189 forma
1151 2147 1212 2190 non
1231 2139 1293 2198 est,
1316 2129 1369 2188 sed
1387 2147 1438 2208 po·

303 2237 386 2296 »tius
414 2233 555 2295 instituta
584 2252 599 2292 a
629 2231 713 2292 Dom.
740 2233 772 2292 in
801 2247 878 2312 aqua
905 2233 1013 2292 tinctio
1029 2232 1095 2314 44).”
1115 2268 1155 2278 -
1176 2235 1219 2293 4⁰.
1245 2233 1392 2305 Quaenam
1413 2231 1440 2291 oi

276 2340 454 2400 ,artocreae
482 2335 637 2414 salutifera
665 2335 727 2396 ais?
767 2335 917 2396 Certiores
945 2334 1088 2416 Baptismi
1125 2335 1352 2398 Sacramentum
1384 2353 1441 2396 nos

300 2444 416 2512 reddit,
452 2441 511 2502 »ad
543 2459 633 2520 quem
662 2440 786 2500 modum
815 2459 891 2519 aqua
921 2441 1025 2500 sordes
1054 2459 1158 2502 omncs
1186 2441 1369 2509 abluuntur,
1397 2441 1439 2500 ita

302 2547 471 2627 »sangnine
500 2545 613 2606 Christi
643 2545 733 2606 etiam
764 2545 883 2605 ablutos
912 2563 976 2606 esse
1006 2564 1061 2606 nos
1082 2547 1114 2606 in
1135 2546 1233 2606 morte
1254 2547 1348 2626 ipsius
1366 2543 1439 2625 44);”

301 2653 442 2731 obsignat
470 2649 557 2710 nobis
586 2649 794 2710 remissionem
824 2659 1016 2729 peccatorum
1031 2651 1079 2732 44),
1102 2667 1185 2710 anon
1207 2648 1298 2710 huius
1321 2658 1440 2708 tanturn

304 2765 378 2815 aaut
400 2753 481 2812 illius
503 2751 659 2833 temporis,
682 2753 735 2813 sed
758 2771 834 2830 quae
856 2771 1051 2832 peromnem
1075 2753 1167 2812 vitam
1190 2761 1324 2812 nostram
1343 2762 1440 2832 patra·

304 2856 473 2939 rmu‘s⁴*),''
495 2866 585 2936 atque
629 2858 770 2916 »nostros
793 2857 869 2917 adeo
890 2857 1007 2916 animos
1029 2857 1060 2916 in
1082 2857 1284 2917 conscientiae
1302 2856 1440 2916 certami-

305 2963 417 3023 anibus
439 2959 631 3040 tranquillat,
660 2959 861 3040 fiduciamque
882 2971 1003 3021 nostrae
1024 2979 1093 3020 cum
1115 2959 1235 3020 Christo
1257 2959 1441 3020 communio·

306 3066 428 3126 taionis
448 3065 614 3124 communit
625 3063 690 3146 44).”
732 3063 785 3124 Est
807 3063 975 3144 Baptismus
997 3053 1093 3125 instar
1128 3065 1372 3143 »ἐπερωτήματος
1389 3063 1441 3123 ho·

307 3189 386 3242 anae
404 3170 606 3230 conscientiae
618 3167 685 3250 44),”
703 3178 735 3229 et
750 3169 871 3248 signnm
889 3170 969 3230 vitae
988 3169 1193 3230 renovationis
1205 3169 1254 3250 44);
1289 3171 1356 3242 »τήν
1371 3173 1441 3241 πλη-

307 3281 473 3354 „paccatur
501 3273 658 3333 nobiscum
679 3273 960 3354 communicat⁴⁸),”
990 3282 1021 3333 et
1041 3289 1225 3353 magnopere
1247 3272 1379 3352 denique
1400 3272 1441 3330 fa·

337 3539 369 3602 44)
390 3539 471 3590 Praei.
488 3531 519 3588 de
540 3540 645 3590 Sacram.
663 3541 759 3604 plia.
777 3539 814 3592 cf.
835 3541 886 3592 aar.
903 3539 978 3591 dead.
996 3541 1051 3590 mai.
1069 3557 1092 3606 p.
1111 3541 1150 3590 95.

338 3621 369 3684 ³⁶)
387 3623 461 3688 Parp.
479 3622 534 3672 raia.
555 3623 668 3689 Francos.
685 3637 709 3686 p.
727 3621 767 3671 22.
851 3620 883 3684 ³⁷)
900 3620 937 3673 Ib.
954 3637 978 3686 p.
997 3621 1036 3672 21.
1055 3619 1092 3678 Oi.
1112 3622 1190 3672 draci.
1207 3621 1237 3672 de
1255 3623 1360 3673 Sacram.
1379 3623 1430 3672 58³.

338 3703 371 3765 38)
388 3704 475 3753 Forma
494 3717 523 3752 aa
541 3706 588 3752 rat.
608 3703 664 3754 mia.
681 3703 756 3753 Load.
775 3719 797 3768 p.
816 3703 873 3758 179.
893 3704 944 3754 Oai.
960 3705 1036 3754 Load.
1054 3705 1110 3755 mai.
1128 3720 1152 3770 p.
1172 3705 1213 3759 97.
1232 3705 1282 3756 aar.
1302 3706 1369 3756 aaa.
1387 3706 1443 3756 mai.

311 3801 349 3850 qn.
368 3785 407 3834 61.
428 3784 505 3834 naor.
523 3785 553 3834 de
570 3786 674 3835 Sacram.
691 3802 715 3850 p.
734 3782 787 3836 sab.
805 3785 841 3835 Cf.
858 3789 883 3835 et
899 3803 923 3851 p.
942 3787 993 3837 614.

339 3867 371 3928 ³⁹)
391 3867 470 3917 narr.
488 3867 518 3916 de
536 3867 642 3916 Sacram.
659 3883 683 3932 p.
702 3863 754 3916 aab.
773 3867 809 3918 cf.
828 3866 861 3916 ib.
880 3868 931 3922 8i1.

309 3993 313 4002 .
340 3949 371 4012 ⁴⁰)
389 3951 476 4000 Forma
491 3965 521 3999 aa
536 3953 584 4000 rat.
601 3950 657 4000 mia.
674 3949 749 4000 laad.
765 3965 789 4013 p.
803 3949 859 4000 126.
871 3951 909 4001 Cf.
920 3949 953 4002 ib.
965 3967 990 4015 p.
1004 3949 1065 4009 127,
1077 3951 1134 4002 639.
1148 3953 1201 4002 Oai.
1213 3953 1288 4020 aona.
1299 3953 1356 4002 mai.
1367 3969 1390 4016 p.
1403 3951 1444 4005 97.

341 4031 373 4094 44)
393 4033 471 4082 itaet.
489 4031 519 4081 de
535 4031 640 4080 Sacram.
658 4047 681 4096 p.
700 4031 752 4080 614.
770 4030 806 4082 cf.
824 4031 857 4083 ib.
876 4031 929 4083 aab.

341 4113 372 4176 44)
390 4115 476 4164 Forma
498 4105 528 4162 aa
549 4116 597 4163 rat.
620 4113 676 4162 raia.
699 4113 773 4164 Laod.
790 4127 815 4177 p.
837 4114 893 4166 630.
911 4114 948 4164 Oi.
966 4114 999 4167 ib.
1017 4132 1040 4181 p.
1060 4115 1116 4164 126.
1137 4117 1204 4183 Oorrf.
1214 4117 1279 4184 fidei
1293 4134 1317 4182 p.
1336 4119 1367 4168 16
1390 4120 1446 4181 (nn-

313 4207 401 4244 amat.
419 4195 496 4256 269).

341 4277 373 4338 44)
395 4277 473 4326 draci.
490 4276 521 4325 da
537 4275 642 4326 Sacram.
660 4292 683 4340 p.
703 4277 754 4326 884.
772 4277 809 4328 Of.
827 4281 913 4330 Forma
929 4295 958 4330 ac
975 4273 1022 4330 rat.
1039 4281 1095 4332 raia.
1113 4283 1189 4332 Load.
1206 4299 1230 4348 p.
1250 4283 1306 4333 180.

342 4358 374 4418 44)
391 4358 477 4406 Forma
493 4372 523 4408 ae
539 4360 586 4406 rat.
603 4357 659 4410 mia.
676 4359 753 4409 lond.
769 4373 794 4424 p.
812 4359 868 4414 127.

344 4439 375 4502 ⁴⁵)
395 4439 472 4492 stoa.
490 4441 520 4491 de
538 4441 645 4493 Sacram.
663 4457 686 4506 p.
705 4441 757 4496 87¹³.
776 4443 812 4492 Oi.
831 4443 863 4492 ib.
882 4443 938 4504 864,
956 4443 977 4496 b.
1078 4445 1109 4508 ⁴⁶)
1127 4445 1164 4497 lb.
1182 4463 1205 4516 p.
1224 4447 1276 4499 894.

344 4521 375 4594 47)
395 4521 431 4576 Ib,
449 4538 473 4598 p.
492 4521 544 4582 89¹³,
563 4523 599 4582 cf,
618 4524 669 4582 614,
771 4524 802 4588 48)
820 4524 857 4582 ib.
874 4541 898 4596 p.
917 4527 968 4578 894.
