3240 5100
757 289 797 350 87

212 487 309 558 Quum
340 497 440 550 autem
472 488 591 550 oracula
622 507 675 549 sua
705 489 736 550 in
766 509 788 550 s.
810 489 958 569 scriptura
982 488 1062 552 Deus
1084 491 1240 572 deposuit,
1270 514 1347 574 quae

211 593 259 654 vel
291 595 464 655 mortalium
498 607 617 674 captum
652 605 819 675 superant,
852 595 899 656 vel
932 596 1022 656 etiam
1056 597 1166 659 rationi
1198 599 1349 662 humanae

211 717 273 758 non
306 699 415 762 leviter
443 717 532 779 saepe
563 709 754 779 oppugnant,
784 698 838 760 Dei
874 700 1031 768 maiestas,
1061 711 1095 762 ut
1128 703 1208 764 salva
1248 707 1286 766 sit
1317 715 1349 768 et

211 813 331 862 constet
348 801 534 870 incolumes,
555 801 726 863 indubitate
748 803 896 882 postulat,
926 813 961 862 ut
982 814 1160 866 reverenter
1181 825 1198 866 a
1219 807 1349 870 homini·

211 905 268 971 bus
297 916 327 966 et
358 925 426 966 cum
457 906 602 984 obsequio
630 907 732 966 divina
765 905 838 967 Eius
868 907 1007 968 doctrina
1040 910 1231 990 excipiatur,
1260 932 1350 991 quam

212 1011 317 1074 clectis
339 1010 401 1070 suis
424 1008 554 1090 Spiritus
575 1011 622 1072 sui
645 1011 758 1072 virtute
777 1013 809 1073 in
827 1012 961 1092 ipsorum
980 1013 1071 1073 corde
1090 1015 1225 1076 revelare
1244 1016 1348 1096 digna·

212 1126 262 1176 tus
283 1124 338 1176 est.
381 1113 420 1176 Se
442 1134 562 1196 quoque
584 1134 650 1176 esse
672 1113 770 1176 alleo
788 1117 820 1176 in
839 1117 1005 1178 electorum
1024 1137 1152 1179 numero
1170 1120 1350 1182 collocatum

213 1217 336 1281 Calvino
365 1228 449 1280 certo
481 1221 594 1280 certius
626 1238 801 1299 persuasum
835 1221 944 1290 luisse,
976 1240 1066 1282 nemo
1093 1221 1180 1283 lacile
1210 1224 1349 1305 negabit;

187 1316 188 1319 '
213 1325 294 1386 unde
321 1326 475 1405 sequitur,
503 1325 675 1405 proximum
693 1325 758 1384 eius
779 1325 939 1385 consilium
960 1325 1070 1394 luisse,
1092 1335 1127 1386 ut
1149 1345 1235 1387 suam
1256 1329 1351 1408 ipsius

213 1429 383 1490 doctrinam
406 1429 537 1510 populus
559 1430 592 1490 in
614 1447 735 1490 succum
757 1438 789 1490 ct
807 1430 986 1509 sanguinem
1004 1431 1236 1512 converteret³).
1269 1430 1350 1494 Haec

214 1542 316 1594 autem
338 1534 492 1604 doctrine,
519 1553 579 1614 quo
601 1536 639 1596 ad
661 1535 754 1596 vitam
776 1535 872 1615 regit,
894 1545 975 1603 erat,
998 1544 1032 1595 ut
1054 1554 1122 1596 cum
1145 1533 1288 1596 Saissetio
1308 1537 1351 1597 lo·

215 1655 358 1716 quamur,
387 1656 469 1698 »unc
499 1639 628 1719 re'ligion
655 1639 789 1706 sombre,
821 1646 852 1698 et
874 1639 925 1717 qui
948 1639 1045 1698 tenait
1066 1640 1095 1700 la
1116 1639 1256 1700 cre'ature
1277 1639 1352 1701 dans

215 1757 297 1800 »une
326 1740 521 1820 de'peudance
550 1751 581 1802 et
609 1742 823 1804 tremblement
847 1743 1015 1820 perpetuel.
1058 1741 1105 1803 Un
1127 1743 1208 1802 culte
1229 1745 1351 1815 severe,

215 1844 419 1924 »imperieux‘
434 1845 509 1906 dans
534 1864 582 1906 ses
611 1847 826 1926 prescriptione
849 1855 970 1914 autaut,
1000 1865 1058 1924 que
1080 1847 1185 1926 simple
1208 1847 1283 1908 dans
1305 1868 1352 1910 scs

216 1947 433 2010 »ceremonias
476 1949 541 2011 Une
563 1951 676 2010 morale
698 1969 827 2030 presque
849 1949 1009 2019 larouche,
1032 1951 1084 2029 qui
1105 1950 1206 2011 laisait
1224 1952 1266 2013 du
1281 1953 1351 2016 luae

216 2071 280 2112 »un
309 2053 418 2122 crime,
447 2053 538 2113 etde
561 2055 589 2113 la
608 2053 671 2133 joie
694 2073 736 2113 un
759 2064 886 2134 outrage
907 2055 924 2112 a
948 2052 1091 2133 oieu⁴).²’
1136 2051 1229 2114 Laeta
1251 2056 1353 2119 hilari·

216 2164 262 2215 tas
282 2156 423 2218 laedebat
444 2158 633 2219 maiestatem
656 2157 794 2220 Divinam
816 2160 848 2219 in
870 2159 1010 2228 homine,
1033 2160 1085 2238 qui
1107 2159 1138 2220 in
1162 2178 1194 2220 se
1213 2162 1354 2222 miseret

216 2261 346 2340 peccatis
363 2260 537 2320 submersus
555 2279 666 2340 paene,
689 2261 732 2320 nil
750 2272 872 2340 praeter
889 2261 989 2321 cordis
1006 2262 1220 2322 contritionem
1239 2265 1354 2344 spirare

218 2363 391 2445 debebam).
433 2362 479 2423 En
502 2365 653 2444 triplicem
675 2384 809 2435 causam,
833 2385 927 2446 quare
949 2366 1106 2446 disciplina
1128 2365 1206 2428 Eccl.
1229 2368 1357 2446 requiri·

218 2476 285 2537 tur,
307 2477 341 2528 ut
359 2467 516 2528 doctrinae
534 2467 625 2528 fidem
644 2479 799 2550 praestent
820 2469 973 2539 homines,
991 2488 1030 2529 ne
1052 2471 1097 2530 uti
1116 2480 1217 2552 spreta
1235 2472 1356 2534 divinae

218 2568 309 2651 Legis
331 2573 512 2634 auctoritate
534 2575 664 2654 peccatis
685 2575 878 2655 indulgeant,
907 2593 945 2636 ne
968 2573 1100 2654 denique
1121 2577 1261 2638 miseriae
1283 2595 1357 2640 suae

223 2847 277 2890 „un
293 2846 377 2896 mopere
397 2827 515 2879 d’aelioer
531 2829 567 2878 les
584 2827 704 2879 indeiecta
721 2832 745 2879 et
762 2831 797 2880 leo
811 2845 946 2894 parcamur
951 2867 959 2892 ‚
976 2831 1040 2896 enfin
1059 2828 1205 2896 quelquefots
1224 2848 1270 2888 une
1290 2849 1359 2899 verpe

223 2913 353 2978 „palernel
372 2927 437 2976 pour
462 2909 556 2960 elidlier
581 2909 719 2961 doucemcnt
745 2927 805 2962 ceux
825 2913 866 2978 qui
888 2916 930 2962 ont
951 2913 1045 2963 commis
1069 2913 1099 2963 de
1120 2913 1227 2978 prandes
1244 2913 1359 2980 factes.'’

221 2993 258 3044 Cl.
275 3007 296 3044 r.
314 3006 441 3053 eleuant,
459 2991 525 3042 Eiet.
543 2991 573 3041 de
589 2991 687 3058 l'llplire
704 2994 734 3044 de
754 2992 853 3046 Gcnlve.
871 2995 929 3044 Gen.
947 2995 1021 3045 tato.
1039 2995 1060 3044 I.
1079 2996 1135 3044 254.
1153 2998 1177 3044 et
1194 3010 1216 3048 c.
1233 2999 1356 3048 crineum

223 3076 366 3136 „lohannes
390 3073 488 3126 Oclme'’
511 3075 537 3122 in
559 3075 739 3126 urenuaucu's
760 3078 815 3128 Lab.
839 3094 862 3127 rt.
886 3093 986 3142 ampelo.
1009 3078 1074 3128 Scir.
1097 3077 1141 3126 der
1165 3078 1218 3128 Vct.
1240 3096 1264 3129 u.
1285 3081 1357 3145 Bepr.

220 3157 264 3210 der
281 3157 338 3221 Res.
356 3157 453 3206 Kirclte.
472 3155 515 3205 IV.
533 3157 561 3208 A.
579 3173 603 3221 p.
622 3159 679 3217 127,
696 3159 738 3224 qui
756 3159 801 3207 etsi
818 3158 848 3207 ad
864 3157 1025 3208 moralitatem
1046 3158 1198 3225 disciplinam
1216 3161 1302 3210 referre
1317 3177 1358 3226 po·

220 3238 269 3288 tius
280 3238 387 3298 videtur,
405 3237 431 3286 in
444 3237 475 3286 iis
487 3239 567 3287 tamen
585 3255 644 3304 quae
655 3240 740 3288 deiude
752 3234 878 3303 suliiungit
889 3255 969 3304 reapse
979 3239 1006 3288 in
1018 3243 1123 3290 nostram
1136 3241 1279 3292 sententiam
1290 3241 1359 3294 abiit.
1388 3239 1393 3254 ⁸

248 3322 269 3384 ³)
289 3321 363 3370 Recte
374 3320 469 3370 mannii
480 3334 512 3369 nn
523 3335 578 3372 aas.
596 3320 680 3372 Preeis
694 3321 775 3372 ol'lrc'ct.
788 3321 830 3371 dec
841 3325 915 3386 tempe
932 3321 1062 3371 moderarer.
1080 3321 1150 3372 Paris
1167 3323 1241 3374 1842.
1259 3341 1282 3390 p.
1295 3326 1357 3375 462:

222 3401 345 3468 „l'apdlro
368 3403 396 3454 de
418 3400 511 3454 Ge‘ndre
533 3405 677 3456 affirmissail
694 3420 719 3454 sa
741 3404 847 3454 doctrine
868 3406 950 3453 contre
976 3403 999 3452 le
1019 3402 1126 3468 principe
1151 3403 1227 3456 meme
1247 3406 1280 3456 dn
1296 3406 1359 3458 libre
1430 3416 1434 3422 '

224 3502 352 3548 „ertrameu³
374 3485 461 3551 auquel
485 3486 531 3536 elle
555 3487 636 3537 deveit
656 3503 700 3536 son
722 3483 866 3536 existence.’'
889 3487 913 3534 et
930 3497 1030 3534 meran.
1050 3484 1101 3534 o.l.
1128 3501 1152 3552 p.
1169 3485 1208 3536 25.
1236 3486 1360 3544 „Domine
1402 3497 1405 3503 '

222 3585 285 3634 „par
304 3585 351 3618 une
366 3569 477 3634 opinion,
495 3569 556 3634 qu’il
572 3569 633 3619 croit
649 3568 699 3618 etro
715 3568 739 3617 la
754 3566 830 3618 vdrile'
852 3566 961 3628 absolue,
978 3565 1088 3616 e‘videnle
1106 3564 1120 3614 a
1137 3565 1172 3616 tel
1189 3567 1270 3632 point,
1288 3569 1359 3633 qu'en

224 3669 273 3710 „ne
293 3651 459 3702 l'emhrassant
479 3668 534 3717 pas,
552 3668 582 3702 cn
603 3667 633 3702 ne
656 3653 713 3716 peut
733 3649 782 3700 dire
806 3649 947 3715 qu'oveugle
967 3665 998 3698 ou
1015 3647 1142 3714 coupable,
1165 3646 1185 3696 il
1206 3648 1286 3699 devait
1308 3651 1359 3702 dire

224 3733 440 3796 „ne'oessairement
458 3733 611 3785 intole'rant.''
637 3734 699 3782 Vera
710 3733 768 3782 haec
783 3748 832 3781 essa
850 3732 902 3797 ipsa
914 3730 1007 3780 Caluini
1025 3730 1108 3792 verba,
1126 3745 1186 3795 quae
1203 3733 1359 3784 moribundus

223 3822 283 3868 teste
304 3818 366 3867 Beza
384 3817 491 3868 elocutus
511 3822 560 3877 est,
578 3816 641 3866 claro
657 3817 782 3866 affirmant.
817 3815 958 3879 suppeditat
978 3830 1004 3862 ea
1021 3813 1090 3862 nobis
1106 3827 1149 3863 ru.
1167 3827 1194 3864 Η.
1210 3825 1292 3875 nune,
1312 3817 1360 3866 ute

221 3902 266 3967 lise
277 3900 309 3966 os
320 3901 385 3952 Jotn
398 3903 495 3962 Odoin,
513 3899 610 3950 Londou
629 3899 701 3949 teto.
719 3914 743 3962 p.
761 3899 822 3947 522:
851 3897 930 3954 „with
946 3896 1030 3962 regerd
1046 3900 1071 3946 to
1088 3896 1130 3946 the
1146 3896 1264 3959 doctrine,
1282 3899 1362 3948 which

224 4001 292 4050 ‚mou
312 3983 373 4034 have
393 3985 467 4034 heard
486 3985 548 4033 from
570 3997 620 4043 me,
645 3982 658 4031 Ι
679 3982 708 4030 do
725 3981 812 4042 affirm,
830 3981 883 4031 that
903 3981 916 4030 1
935 3981 996 4030 have
1015 3980 1102 4044 taught
1124 3979 1165 4029 the
1182 3981 1246 4030 word
1265 3981 1292 4030 of
1309 3981 1361 4031 God

224 4101 235 4128 „
243 4069 330 4134 purely
347 4069 393 4118 eud
413 4068 543 4132 sincerely,
564 4068 577 4116 1
599 4065 673 4116 doubt
694 4069 736 4116 not
752 4065 806 4114 that
825 4068 897 4116 Satan
914 4065 966 4114 will
987 4064 1032 4114 stir
1052 4081 1084 4130 up
1101 4062 1237 4116 wilohed..
1258 4078 1314 4112 meu
1334 4066 1359 4114 to

226 4154 342 4215 ,comupt
362 4150 404 4200 the
421 4167 480 4215 pure
501 4151 621 4212 doctrine,
644 4148 723 4198 which
739 4164 786 4213 you
809 4149 869 4198 hare
889 4148 963 4198 heard
987 4149 1048 4197 lrcm
1064 4145 1127 4198 me.’¹
1162 4144 1359 4209 Cluentiano,

223 4232 274 4283 o.l.
294 4247 318 4297 p.
341 4231 380 4284 st.
403 4245 502 4284 auizor.
519 4232 568 4283 o.l.
588 4248 612 4296 p.
633 4232 673 4282 98.
697 4244 836 4281 scurnum.
856 4247 877 4281 o.
892 4230 909 4280 1.
931 4230 980 4282 ΙΙΙ.
1002 4232 1049 4281 386
1072 4232 1203 4292 eleusin,
1224 4228 1308 4281 Prdcis
1327 4229 1358 4280 de

223 4313 298 4366 l'ltr'st.
315 4315 376 4368 mod.
393 4315 467 4366 Brax.
486 4314 559 4368 1847.
577 4315 611 4366 11.
631 4313 687 4368 107.

252 4398 272 4462 ⁴)
292 4398 336 4449 riu.
354 4411 459 4450 sarasar.
477 4399 557 4448 Beroe
573 4397 616 4448 der
632 4399 697 4448 decr
714 4397 817 4448 mendas.
836 4395 909 4446 tots.
927 4412 951 4461 p.
970 4393 1026 4445 64³.

252 4481 272 4543 ⁶)
292 4480 330 4530 Ol.
347 4493 371 4529 a.
390 4481 415 4529 et
431 4492 456 4530 n.
473 4492 559 4540 aare,
575 4479 612 4528 La
628 4480 720 4529 Fratres
728 4479 832 4530 Protect.
844 4476 917 4526 vitae
927 4477 1018 4542 partic,
1032 4479 1077 4528 art.
1093 4476 1184 4530 Odoin.
1202 4475 1360 4528 Patalete.

225 4565 297 4627 tlon,
316 4561 379 4614 1321)
396 4566 420 4614 et
438 4561 508 4616 ttob.
525 4575 614 4612 aanor
631 4562 652 4614 1.
670 4561 703 4612 42
720 4563 745 4611 et
761 4561 823 4624 402,
841 4573 917 4611 nanu.
935 4558 984 4610 c.l.
1001 4575 1027 4624 p.
1045 4559 1090 4622 98,
1109 4559 1167 4616 347.
