3240 5100
755 312 815 374 tet

217 527 283 570 esse
306 509 494 590 opinabatur.
537 505 660 571 Etenim
681 511 791 573 claram
813 517 905 592 atque
923 514 1127 595 perspicuam,
1147 516 1280 598 denique
1301 517 1351 580 ab·

217 614 346 674 solutam
365 631 485 694 quoque
503 613 669 674 voluntatis
686 631 758 675 suae
776 616 993 677 revelationem
1011 617 1043 678 in
1061 636 1082 678 s.
1100 617 1250 699 scriptura
1271 620 1351 684 Deus

215 716 402 786 recondidit,
430 717 511 778 unde
534 717 673 795 sequitur
703 719 878 779 »neminem
900 719 948 780 vel
970 720 1125 782 minimam
1147 731 1265 802 guttam
1287 743 1350 786 rec·

216 829 287 881 »tae
316 839 466 900 sanaeque
498 820 654 882 doctrinae
686 822 841 902 percipere
873 841 976 903 posse,
1008 824 1066 884 nisi
1099 826 1150 905 qui
1182 827 1350 907 scripturae

215 923 332 985 »suerit
353 925 518 1005 discipulus
538 923 588 1006 ¹).''
630 923 707 996 Quia
729 935 830 995 tamen
852 927 884 986 in
906 929 1072 1009 scripturae
1095 929 1349 1011 interpretatione

214 1029 252 1090 de
274 1030 409 1109 genuino
432 1028 522 1090 Verbi
545 1028 598 1091 [lei
621 1049 710 1092 sensu
733 1031 895 1112 disceptari
916 1043 1033 1113 posset,
1055 1034 1178 1114 spiritus
1195 1035 1243 1095 sui
1265 1037 1348 1098 testi·

213 1133 315 1193 monio
343 1131 423 1194 Deus
451 1133 593 1194 cordibus
620 1137 732 1197 nostris
760 1137 948 1198 voluntatem
979 1157 1062 1199 suam
1092 1138 1240 1220 obsignat.
1283 1139 1348 1202 tali

213 1246 315 1297 autem
337 1237 558 1298 illuminatione
592 1239 693 1299 »solos
710 1238 856 1319 dignatur
873 1241 1001 1309 electos,
1023 1241 1133 1321 quibus
1151 1243 1220 1302 talis
1236 1241 1348 1304 dehinc

213 1342 333 1402 »oritur
354 1341 524 1422 persuasio,
546 1359 623 1421 quae
644 1342 778 1402 rationes
800 1359 861 1403 non
883 1344 1026 1423 requirit,
1055 1345 1124 1406 talis
1146 1346 1270 1415 notitia,
1297 1347 1346 1407 cui

182 1511 184 1516 ,
202 1447 347 1526 septima
365 1447 444 1507 ratio
462 1456 599 1507 constet.
611 1491 631 1516 .,
650 1447 721 1506 talis
737 1447 869 1527 denique
884 1465 1003 1516 sensus,
1021 1449 1073 1527 qui
1091 1449 1149 1509 nisi
1167 1467 1205 1509 ex
1222 1449 1346 1510 coelesti

211 1551 418 1612 »revelatione
440 1550 523 1610 nasci
545 1550 714 1629 nequeat,''
738 1551 814 1612 adeo
837 1562 871 1611 ut
903 1551 1177 1630 »inexpugnabilem
1200 1552 1347 1614 sodalem

210 1672 263 1714 asc
290 1659 385 1714 tencre
409 1654 498 1732 probe
526 1653 582 1713 sibi
607 1653 713 1714 moscii
740 1654 799 1715 siut
817 1653 866 1736 ²).”
907 1653 996 1715 Nulla
1018 1655 1113 1735 igitur·
1133 1674 1222 1717 causa
1243 1657 1345 1726 adeat,

209 1775 264 1817 cur
291 1758 324 1818 in
352 1758 464 1819 divinis
489 1759 571 1818 inter
602 1776 708 1838 pravas
740 1757 957 1819 fluctuaremus
988 1758 1219 1829 haesitationes,
1251 1779 1344 1838 quum

193 1861 271 1942 -ipse
300 1860 380 1923 Dens
408 1864 533 1944 spiritus
561 1862 608 1922 sui
630 1863 744 1923 virtute
773 1863 1024 1942 qualemcumque
1052 1863 1091 1924 de
1112 1864 1269 1924 voluntate
1291 1883 1344 1926 sua

208 1965 429 2027 dubitationem
461 1965 548 2026 nubis
580 1964 714 2025 eximere
746 1965 850 2025 voluit.
893 1963 951 2025 Ubi
983 1972 1101 2034 autem,
1133 1965 1206 2044 quid
1239 1984 1344 2028 verum

207 2069 262 2138 sit,
291 2069 323 2128 in
345 2068 470 2130 dubium
493 2069 628 2129 revocari
650 2086 773 2148 prorsus
795 2068 917 2148 nequit,
939 2068 1029 2128 electi
1050 2068 1132 2128 omni
1153 2087 1170 2128 a
1192 2086 1224 2129 se
1246 2069 1277 2130 in
1299 2070 1344 2130 di·

207 2173 286 2235 vinis
304 2172 491 2234 dissensione
510 2172 632 2234 veritati
651 2173 706 2252 ipsi
726 2173 935 2253 gravissimum
954 2172 1097 2232 damnum
1113 2171 1236 2242 inierri,
1254 2174 1343 2236 adeo·

207 2295 266 2356 que
298 2276 432 2338 divinam
460 2277 650 2345 maiestatem
677 2277 812 2356 graviter
832 2275 928 2343 laedi,
951 2276 1114 2356 upInentur
1135 2294 1259 2336 necesse
1280 2289 1342 2349 est,

206 2399 296 2460 quam
315 2381 410 2461 igitur
428 2382 539 2444 aeriter¹
562 2381 644 2441 omni
664 2381 693 2441 vi
713 2390 804 2461 atque
816 2381 932 2461 impetu
943 2381 1121 2460 impugnare
1133 2389 1165 2440 et
1176 2382 1342 2463 exstirpare

204 2483 344 2546 funditus
369 2485 502 2554 malunt,
531 2503 635 2563 quarn,
657 2495 692 2545 ut
710 2485 941 2566 reprobatorum
958 2485 1100 2545 miseram
1118 2485 1230 2564 alioqui
1249 2487 1342 2549 vitam

204 2586 258 2648 Dei
280 2587 389 2648 honori
411 2597 647 2666 anteponerent,
669 2597 701 2647 et
719 2588 896 2668 pestiferum
915 2605 1065 2648 venenum
1084 2588 1175 2647 latius
1192 2591 1342 2669 serpendo

204 2691 271 2752 aliis
300 2709 420 2770 quoque
445 2691 649 2770 perniciosum
677 2689 744 2750 fieri
773 2692 919 2752 sinerent.
960 2689 1037 2752 Hinc
1059 2692 1258 2782 intelligitur,
1287 2714 1341 2755 cur

203 2804 265 2854 tam
286 2795 418 2874 maligne
440 2793 518 2854 solet
540 2792 681 2853 Calvinus
702 2793 943 2854 adversariorum
963 2811 996 2854 os
1014 2794 1173 2856 obstruere
1192 2805 1223 2856 et
1241 2795 1339 2858 iratis·

203 2898 296 2957 simus
329 2895 542 2963 effervescere,
575 2894 757 2974 simulatque
789 2896 946 2957 doctrinae
975 2915 1047 2957 suae
1072 2897 1338 2978 inexpugnabilem

202 3001 363 3062 veritatem
385 2999 529 3060 audacter
549 2998 733 3079 redarguere
753 3000 800 3060 vel
823 3000 915 3060 etiam
935 3000 1045 3061 leviter
1062 3000 1257 3073 labefactare,
1278 3004 1337 3065 dis·

202 3105 369 3165 sentientes
390 3103 529 3164 ductores
550 3102 746 3164 conabantur.
788 3101 878 3166 Nullo
906 3105 996 3166 modo
1023 3104 1103 3166 serre
1128 3115 1248 3186 poterat
1269 3125 1336 3180 eos,

201 3225 301 3287 neque
330 3208 362 3268 in
390 3205 542 3269 Ecclesiae
568 3208 653 3278 sinu,
681 3226 780 3287 neque
802 3219 888 3268 extra
911 3228 993 3278 eam,
1019 3219 1051 3269 et
1072 3210 1214 3289 quoniam
1236 3209 1336 3273 Eccle-

200 3311 262 3372 siae
284 3321 417 3392 potestas
439 3312 511 3392 ipsis
532 3310 681 3372 Ecclesiae
703 3311 815 3372 linibus
835 3313 1004 3374 necessarie
1029 3311 1150 3382 finitur,
1178 3315 1334 3395 magistra·

202 3424 266 3475 tum
289 3415 468 3484 obstrinxit,
495 3424 529 3475 nt
551 3415 644 3495 gladii
665 3414 723 3475 sibi
744 3416 893 3476 commissi
914 3416 980 3477 iure
1001 3417 1183 3496 exstirparet
1203 3416 1333 3480 haereti·

200 3537 257 3580 cos.
301 3517 414 3599 Sponte
443 3519 474 3578 in
504 3520 605 3580 oeulos
633 3520 779 3590 incurrit,
807 3529 954 3599 quantum
976 3521 1007 3580 in
1029 3539 1064 3582 ea
1086 3540 1119 3582 re
1140 3523 1157 3580 l
1179 3519 1273 3582 Laseo
1294 3523 1333 3586 ab

199 3641 235 3683 eo
257 3623 431 3692 dissentiat,
453 3623 504 3702 qui
526 3623 647 3702 penitus
669 3641 740 3685 suae
761 3624 818 3684 sibi
840 3624 1055 3685 imbecillitatis
1074 3626 1227 3696 conscius,
1247 3628 1331 3708 inge·

197 3744 257 3786 nue
280 3727 361 3787 ultro
383 3724 598 3793 confitebatur,
620 3725 742 3786 errandi
761 3726 896 3805 periculo
913 3743 945 3786 se
961 3745 1026 3787 esse
1045 3726 1224 3798 obnoxium,
1241 3730 1330 3792 adeo·

196 3848 256 3908 que
278 3850 295 3890 a
317 3848 349 3890 se
371 3830 586 3890 dissentientes
607 3829 748 3890 doctores
768 3829 919 3890 adamica
947 3828 1063 3890 solebat
1088 3831 1218 3893 invitare
1239 3835 1329 3896 collo·

196 3934 282 4013 quia,
309 3943 344 3994 ut
373 3943 425 3994 aut
453 3934 490 3994 iis
519 3934 732 4014 persuaderet,
760 3943 813 3994 aut
834 3951 907 3994 veru
936 3932 993 3992 sibi
1014 3932 1052 3993 ab
1073 3933 1132 3992 illis
1153 3937 1328 4014 persuaderi

194 4046 352 4117 pateretur
369 4037 400 4118 ³).
446 4035 533 4107 Quod
554 4036 687 4118 denique
705 4037 743 4098 ad
760 4037 920 4118 utriusque
942 4037 980 4098 ad
998 4037 1209 4118 magistratum
1227 4037 1327 4100 Eccle-

186 4184 481 4196 ——.-——-..

222 4250 242 4314 ¹)
260 4253 321 4302 laet.
338 4251 360 4304 Ι.
378 4251 402 4300 6.
420 4250 443 4301 2.
544 4251 643 4315 blasi.
660 4251 682 4304 Ι.
700 4253 723 4303 6.
742 4254 765 4302 b.

220 4334 241 4396 3)
259 4333 358 4384 Etenim
374 4333 477 4395 rumori,
496 4349 567 4400 quem
584 4334 722 4400 divulgavit
738 4334 829 4385 Manno
847 4334 963 4396 Simonis,
981 4333 1049 4402 quasi
1062 4331 1142 4398 gladio
1155 4331 1183 4382 iu
1193 4331 1325 4384 haereticos

190 4415 425 4466 animadvertendam
446 4431 497 4466 esse
513 4416 645 4467 censuisset
661 4415 676 4465 b
692 4418 779 4478 Iacca,
800 4417 887 4482 quippe
903 4416 933 4466 ab
950 4416 1049 4467 inimico
1066 4431 1160 4482 sparso,
1182 4430 1257 4480 neque
1273 4431 1324 4465 um·

190 4513 261 4564 quam
284 4497 380 4548 aliunde
402 4497 524 4557 stabilito,
545 4499 616 4549 fidem
637 4499 723 4549 habere
744 4500 810 4549 nefas
831 4503 899 4551 esset.
934 4499 970 4550 ct.
989 4513 1080 4550 nunno
1098 4513 1163 4562 sim,
1185 4499 1329 4566 Seadtdrief

189 4595 236 4630 acra
252 4581 287 4631 tl.
304 4579 419 4632 iscoram
437 4577 558 4631 Alkmaar.
576 4579 649 4631 1600.
667 4581 684 4634 l.
701 4581 775 4642 112⁸,
793 4579 866 4642 137³,
884 4581 953 4635 140⁰.
