3228 5102
731 331 769 394 83

187 539 338 601 mmovet,
369 533 421 611 qui
449 533 549 593 minue
571 531 704 595 fideliter
725 549 761 594 eo
783 533 1034 616 deiunguntur).
1075 533 1100 614 (a
1113 533 1146 594 Si
1165 533 1319 614 quelqu’utc

109 647 112 654 ·
187 633 258 694 »dcc
285 619 432 696 minumae
459 638 564 708 muta,
591 651 644 718 que
670 638 701 699 tu
725 637 891 716 Setpucurie
911 658 931 717 y
952 644 1035 698 nette
1057 637 1087 698 tu
1107 637 1259 708 matu...
1283 649 1323 698 eu

187 737 237 798 »le
263 738 400 819 deputent
419 741 456 801 de
474 751 527 802 tou
547 741 658 822 osptocff'
677 769 719 788 ·-
744 741 936 803 Doctores
956 754 1079 822 operam
1100 755 1185 802 suam
1206 751 1318 804 navare

188 841 301 904 debent
323 845 355 905 ln
375 858 478 907 sacrae
499 847 667 928 scriptume
688 847 940 928 interpretatione
963 857 995 908 et
1016 846 1128 907 luturia
1146 841 1236 906 simul
1254 844 1319 906 the·

189 941 285 1028 elegis
313 948 510 1010 instituendis
536 950 749 1032 consulerem).
791 949 940 1012 ducantur
962 968 977 1012 a
1000 951 1186 1032 pastoribus,
1214 965 1320 1030 appro-

187 1049 301 1112 banttn
317 1052 508 1132 magistratui
521 1051 565 1135 ¹¹).
585 1083 626 1099 -·
648 1051 884 1113 Senioribus
903 1051 1078 1132 disciplinae
1097 1049 1321 1112 Ecclesiasticae

188 1167 261 1215 usus
275 1167 335 1215 nna
351 1173 419 1216 cum
438 1156 609 1237 pastoribus
624 1157 803 1237 iniungitur.
825 1155 1001 1217 iteratione
1017 1155 1223 1235 amagistratu
1235 1153 1322 1235 (petit

189 1259 313 1342 conscii)
342 1261 514 1340 eliguntur,
543 1260 688 1321 ut'slruul
714 1261 812 1322 vulcat
833 1270 987 1341 pastorum
1010 1259 1188 1329 auctoritas)
1218 1277 1323 1340 appru-

189 1362 303 1423 buntur
335 1359 460 1424 Senatui
483 1363 697 1426 Ducentorunr.
740 1364 818 1426 Sunt
839 1377 966 1426 numero
988 1365 1165 1434 duodecim,
1193 1373 1323 1443 quorum

190 1465 252 1526 duo
267 1477 410 1528 creantur
424 1487 441 1528 e
457 1463 590 1548 Collegio
605 1470 722 1529 minore
740 1467 828 1548 (petit
849 1470 987 1550 conscii),
1007 1481 1137 1548 quatuor
1152 1489 1169 1529 e
1189 1468 1325 1550 Collegit

191 1569 490 1652 Sexagintatirorum
517 1571 640 1653 (conscii
660 1573 714 1633 des
736 1569 902 1654 Scironis),
924 1580 955 1633 et
977 1583 1030 1633 s'ex
1051 1573 1200 1652 reliquie
1222 1571 1324 1634 Consi·-

190 1669 233 1736 lio
267 1675 528 1758 iltreentorurnfl).
581 1677 649 1738 lure
678 1678 808 1738 iurando
836 1678 867 1737 in
893 1676 983 1738 iidem
1012 1695 1083 1758 erga
1113 1675 1325 1756 magistratum

191 1775 440 1860 obstringuntur,
458 1788 490 1841 et
508 1793 562 1860 per
580 1791 677 1841 toturn
692 1780 803 1842 dehinc
822 1783 902 1842 vitae
924 1782 1084 1841 decursum
1101 1791 1213 1868 munus
1236 1794 1326 1842 suum

192 1886 335 1945 retinent.
372 1883 395 1964 (a
407 1883 553 1954 decutet,
575 1879 648 1964 qu’il
667 1900 704 1944 tte
725 1880 814 1945 auoit
831 1884 980 1965 expedient
1000 1885 1036 1944 de
1055 1885 1094 1945 les
1112 1884 1239 1963 eltouper
1257 1899 1327 1944 aaut

194 2001 315 2057 cratete,
343 1989 441 2068 quood
468 1988 507 2048 ils
526 1987 737 2068 e'ucqut'tterout
755 1989 790 2047 dc
812 1988 874 2049 leur
893 1989 990 2049 devoir
1010 1989 1263 2071 fidelemettt¹³)'').
1285 2017 1326 2033 --

194 2090 456 2152 Diaconurum
485 2091 546 2151 duo
575 2101 645 2150 sunt
674 2107 801 2170 genera:
830 2102 1041 2171 procuratores
1063 2108 1229 2172 pauperum
1251 2091 1328 2171 (pru-

194 2193 363 2272 curatcurs)
401 2205 432 2255 et
468 2194 728 2255 administratores
760 2195 931 2256 nosocomei
964 2194 1076 2274 publici
1107 2195 1329 2276 (hospitaliers).

195 2295 309 2358 Eodem
330 2312 454 2378 prorsus
475 2313 535 2377 qun
556 2296 698 2358 Seniores
714 2299 809 2382 prodo
830 2300 988 2379 eliguntur
1000 2297 1045 2378 ¹¹).

236 2400 490 2462 Sacramenta
511 2401 705 2462 celebrantur
725 2403 803 2471 duo,
832 2421 849 2464 a
871 2404 942 2463 solis
964 2402 1134 2483 pastoribus
1155 2412 1186 2462 et
1208 2399 1330 2462 nonnisi

195 2506 374 2566 concionum
403 2515 540 2584 ternpore
569 2505 815 2566 administrando.
858 2505 892 2565 ln
920 2506 1115 2586 baptismo
1142 2505 1204 2566 duo
1230 2504 1330 2584 requi·

194 2619 308 2670 cuntur
342 2609 550 2677 fideiussores,
586 2619 617 2668 et
649 2610 806 2669 nominum
834 2610 1024 2688 quorundam
1053 2628 1126 2669 usus
1154 2608 1330 2689 parentibus

196 2711 446 2792 interdicitur).
489 2709 517 2771 S.
536 2710 662 2771 Coena
681 2695 789 2807 qtmpcr
806 2714 968 2791 quotannis
985 2713 1173 2782 celebratur,
1192 2721 1223 2772 et
1241 2729 1330 2772 neruo
1357 2722 1378 2742 ³

194 2818 232 2877 ud
253 2832 318 2876 earn
340 2816 398 2875 nisi
420 2814 492 2874 iidei
517 2815 705 2874 confessione
727 2815 825 2884 edita,
848 2815 967 2875 admitti
990 2825 1089 2895 potest
1102 2815 1148 2896 ¹¹).
1169 2845 1210 2861 --
1230 2814 1279 2874 Bis
1298 2816 1330 2875 in
1352 2873 1369 2888 ,

194 2922 300 3000 quavis
328 2913 537 2980 Ecclesiastico
569 2919 714 2979 concione
736 2918 858 2998 hymnis
879 2919 1091 2980 decantabitur
1105 2919 1147 3000 ¹¹).
1168 2945 1209 2962 υ-
1230 2916 1331 2980 listri-

194 3027 296 3086 menia
318 3021 494 3085 solemniter
511 3023 543 3082 in
562 3024 648 3102 plena
668 3023 811 3082 concione
829 3024 998 3082 consecrari
1016 3023 1138 3084 debent.
1170 3021 1330 3101 (Consiste

194 3131 274 3191 rium
297 3130 416 3210 quierit
437 3128 475 3188 de
498 3126 589 3186 rebus
609 3126 846 3205 coniugialibus,
872 3137 903 3186 ct
925 3145 989 3186 rem
1012 3125 1250 3205 praeiudicatum
1271 3137 1331 3189 nrai

195 3233 337 3314 gistratui
364 3231 532 3312 delert¹¹).)
553 3257 594 3274 -—
613 3227 708 3289 Breve
738 3229 832 3289 totius
861 3229 1018 3288 doctrinae
1044 3227 1271 3307 compendium,
1300 3228 1331 3286 in

196 3335 372 3396 catechismi
394 3335 507 3403 lorma,
533 3351 549 3393 n
571 3332 742 3413 pastoribus
764 3332 1012 3411 concipiendum,
1034 3331 1141 3410 quovis
1162 3329 1211 3390 die
1234 3329 1332 3390 Domi·

196 3440 266 3499 nico
293 3439 325 3498 in
354 3439 498 3498 cendone
528 3437 733 3516 pomeridiana
761 3437 873 3516 pupulo
901 3435 1102 3514 explicabitur
1114 3433 1157 3515 ¹¹).
1178 3463 1219 3478 -κ
1240 3431 1332 3494 llisei·

197 3543 298 3622 quinae
324 3555 396 3602 usus
420 3551 536 3622 spectat
567 3544 605 3600 1⁰.
628 3540 682 3599 »lo
703 3539 830 3600 doctrice
851 3557 949 3600 receue
970 3539 1045 3598 dune
1067 3536 1212 3614 tuque
1235 3545 1266 3596 et
1288 3538 1332 3597 2⁰.

198 3646 253 3706 nu
272 3660 391 3706 censure
411 3645 462 3704 dea
482 3639 667 3724 mocurs¹⁰).'’
710 3641 824 3712 Quater
845 3643 1008 3722 quotannis
1030 3641 1170 3700 Pastores
1191 3625 1269 3700 cum
1283 3640 1334 3702 Se·
1379 3719 1384 3731 Ι

198 3748 336 3809 nioribus
364 3748 498 3827 singulos
524 3747 648 3806 visitant
672 3746 754 3806 urbis
776 3747 904 3815 incolas,
930 3747 961 3806 in
985 3755 1115 3824 quotuor
1137 3743 1174 3804 ad
1196 3744 1228 3804 id
1249 3759 1334 3825 paru*
1353 3729 1378 3750 ”’

198 3853 283 3914 chiae
314 3850 490 3932 dispertitae
502 3852 546 3933 ¹¹).
574 3883 614 3896 -—
642 3850 828 3911 Consistorie
857 3850 1000 3928 competit
1029 3850 1076 3908 ius
1105 3847 1248 3916 vocandi,
1281 3867 1335 3928 per

200 3957 299 4018 varios
321 3957 352 4017 in
374 3953 541 4037 Euangelio
563 3955 763 4034 praescriptos
781 3954 892 4034 gradus
910 3952 1111 4021 admonendi,
1133 3963 1149 4011 a
1169 3949 1197 4010 S.
1216 3951 1334 4014 Coenae

243 4190 262 4252 ν)
281 4188 317 4240 ra.
335 4205 358 4255 p.
378 4191 417 4241 ra.
436 4189 465 4252 (1.
483 4191 506 4240 e.
525 4190 612 4250 acte).
714 4187 746 4248 10)
763 4186 799 4237 n.
817 4203 841 4252 p.
859 4185 899 4236 ra.
917 4185 948 4248 n.
965 4185 989 4237 s.
1007 4185 1095 4248 sese).

231 4271 263 4334 11)
283 4269 319 4320 rs.
336 4285 360 4334 p.
379 4271 420 4320 re.
438 4269 468 4330 (Ι.
485 4271 508 4320 a.
527 4268 616 4332 eran).
718 4268 749 4331 ιη
766 4268 803 4320 rs.
821 4286 845 4334 p.
863 4269 903 4318 ao.
922 4269 951 4331 (1.
968 4269 992 4320 s.
1011 4266 1100 4330 essu).

232 4353 264 4416 13)
282 4352 319 4403 rt.
420 4352 451 4414 ¹⁴)
471 4350 507 4400 u.
524 4364 549 4414 p.
567 4351 607 4402 aa.
626 4351 656 4414 (r.
674 4351 697 4400 s.
717 4351 805 4412 ausc).
905 4349 936 4412 1³)
954 4349 991 4398 rt.
1009 4365 1033 4414 p.
1051 4349 1090 4400 aa.
1109 4348 1139 4412 (ι.
1157 4350 1179 4398 s.
1199 4343 1288 4413 sam).

233 4436 264 4498 1ὁ)
282 4435 318 4486 n.
337 4453 360 4501 p.
378 4435 419 4489 er.
437 4435 466 4496 (r.
484 4433 508 4483 s.
527 4433 613 4495 aare).
714 4431 745 4494 υ)
763 4432 799 4483 u.
818 4451 841 4498 p.
860 4433 899 4482 aa.
919 4432 948 4494 (1.
966 4431 989 4482 s.
1008 4419 1110 4495 aare),
1197 4429 1229 4495 1⁸)
1247 4425 1284 4482 n.

232 4517 264 4579 19)
283 4517 319 4567 rt.
337 4534 359 4583 p.
379 4519 418 4572 17.
437 4517 467 4578 (ι.
486 4516 509 4568 a.
528 4517 616 4578 rasa).
717 4515 751 4577 νυ)
767 4515 803 4565 rs.
821 4531 844 4580 p.
863 4517 903 4564 sc.
923 4513 953 4575 u.
971 4515 994 4564 s.
1013 4511 1102 4576 asin).

233 4596 617 4663 bucmusmm

1169 4681 1197 4718 ,.
