3240 5100
821 301 882 364 tec

197 545 200 552 ·
279 505 371 566 clesia
392 514 501 567 natura
519 523 572 566 sua
590 503 744 566 Catholica
762 513 824 574 est,
847 504 910 566 sive
928 501 1125 572 universalis,
1145 501 1258 582 quippe
1277 500 1421 564 universo

281 609 416 672 humano
436 609 543 690 generi
563 609 724 670 destinata.

412 816 434 900 d
455 817 483 878 3.
525 816 568 878 lle
587 816 635 878 oio
656 816 839 887 secretione,
860 816 962 896 partas
984 814 1116 877 Ecclesia
1137 821 1280 895 operatur.

319 1023 476 1095 Calvinus,
498 1026 550 1104 qui
572 1035 729 1086 externam
752 1023 902 1086 Ecclesiae
927 1024 1084 1084 notionem
1106 1041 1288 1103 magnopere
1310 1031 1417 1101 urget,

276 1127 375 1188 media
394 1147 530 1208 quoque,
552 1148 682 1208 quorum
703 1148 760 1190 usu
779 1128 992 1208 progrediatur
1009 1126 1158 1196 Ecclesia,
1179 1127 1329 1205 iaciatque
1348 1145 1416 1205 pro·

276 1249 398 1310 gressus
425 1251 521 1311 usque
549 1233 587 1294 ad
615 1244 740 1301 metam,
769 1242 889 1292 tantum
917 1250 979 1292 non
1002 1231 1089 1292 unice
1111 1239 1238 1291 externa
1260 1247 1325 1288 csse
1347 1247 1415 1288 cen·

275 1335 344 1394 suit.
386 1334 578 1398 Contrarium
608 1337 687 1416 apud
715 1334 847 1396 iaLasco
870 1336 965 1406 valet,
992 1335 1043 1413 qui
1066 1333 1123 1394 etsi
1146 1343 1271 1393 externa
1294 1351 1414 1411 quoquc

273 1438 456 1500 adminicula
484 1455 540 1499 suo
568 1439 708 1500 aestimet
737 1438 819 1506 loco,
847 1447 879 1497 et
908 1455 1055 1497 summam
1083 1436 1121 1496 de
1148 1435 1270 1514 integro
1291 1435 1413 1496 illorum

273 1551 355 1602 statu
373 1543 515 1624 suscipiat
533 1543 783 1610 sollicitudinem,
804 1542 955 1601 internam
974 1551 1076 1601 tamon
1099 1559 1133 1600 ac
1154 1540 1342 1619 spiritualem
1363 1556 1413 1619 po·

272 1646 335 1706 tius
363 1644 513 1708 Ecclesiae
543 1647 676 1708 indolem
705 1647 830 1726 premit,
860 1645 996 1725 adeoque
1022 1645 1059 1706 ad
1082 1645 1202 1706 interna
1224 1644 1412 1723 potissimum

206 1803 208 1808 .
272 1768 306 1809 ac
323 1749 490 1829 spiritualia
509 1747 660 1810 Ecclesiae
679 1748 757 1810 dona
777 1749 922 1817 recurrit,
944 1748 1011 1808 lieri
1031 1765 1093 1808 non
1111 1765 1196 1826 posse
1216 1756 1315 1816 ratus,
1337 1747 1411 1826 quin

271 1853 398 1914 candida
426 1871 545 1914 morum
574 1852 717 1914 honestas
745 1853 820 1912 alios
849 1871 968 1932 quoquc
1005 1852 1116 1912 alliciat
1149 1851 1365 1931 deterreatque
1394 1871 1410 1911 a

270 1957 365 2026 malo,
387 1957 461 2036 quin
483 1957 587 2017 sedula
610 1957 720 2017 amoris
742 1956 906 2036 praestatio
926 1965 1068 2015 mutuum
1089 1973 1222 2016 amorem
1240 1955 1409 2016 necessarie

270 2071 432 2139 provocet,
448 2071 540 2140 atquc
558 2063 671 2121 excitet
689 2071 840 2140 potenter,
863 2060 936 2140 quin
955 2062 1132 2120 inconcussa
1150 2060 1282 2138 denique
1297 2057 1409 2119 Christi

269 2163 416 2224 consessio
445 2165 571 2233 eximia,
593 2184 682 2244 quam
711 2165 826 2243 prodit,
855 2165 946 2224 animi
975 2163 1156 2223 tortitudine
1185 2163 1259 2223 alios
1288 2181 1409 2240 quoque

270 2268 368 2346 rapiat
394 2269 424 2328 in
447 2268 678 2328 admirationem
707 2268 877 2347 religionis,
906 2269 1081 2346 quaetales
1103 2267 1208 2346 gignat
1230 2275 1410 2336 sectatores,

273 2381 395 2450 tamque
417 2372 585 2451 intrepidos
613 2391 665 2432 eos
698 2371 787 2431 iaciat
820 2372 858 2432 ad
891 2371 1023 2452 pericula
1052 2371 1218 2431 subeunda.
1261 2370 1307 2430 Ad
1334 2369 1411 2430 haec

271 2474 374 2552 itaque
403 2475 503 2536 media
532 2493 604 2554 prae
637 2475 747 2534 ceteris
784 2493 840 2534 nos
869 2474 1010 2534 amandat
1039 2477 1055 2534 a
1084 2472 1193 2544 Lasco,
1222 2493 1280 2554 qua
1313 2473 1344 2533 in
1376 2491 1409 2532 re

269 2577 387 2657 ingenti
414 2597 485 2638 sanc
515 2579 696 2638 discriminis
725 2578 822 2657 spatio
855 2598 871 2638 a
901 2577 1024 2638 Calvino
1052 2578 1158 2646 distat,
1190 2581 1332 2657 quoniam
1360 2597 1411 2648 ea,

270 2699 346 2760 quac
378 2681 601 2750 recensuimus,
633 2679 785 2741 Ecclesiae
819 2681 1000 2741 adminicula
1035 2681 1093 2742 hoc
1131 2701 1251 2762 quoquc
1289 2683 1410 2762 privum

268 2784 325 2844 sibi
351 2784 466 2845 habent
492 2794 582 2864 atque
612 2786 781 2864 proprium,
810 2785 891 2864 quad
919 2804 991 2845 usus
1020 2803 1124 2846 eorum
1153 2805 1214 2845 non
1239 2787 1280 2847 ad
1309 2797 1409 2847 certos

269 2887 432 2967 quosdam,
461 2889 655 2968 peculiariter
686 2888 724 2948 ad
760 2888 791 2948 id
820 2889 1009 2968 designatos,
1045 2891 1211 2969 pertineat,
1247 2891 1299 2951 sed
1336 2909 1409 2952 vero

271 2991 309 3051 ad
338 3011 442 3052 omnes
470 2993 655 3071 promiscue,
684 2993 736 3070 qui
765 2992 796 3051 in
826 2990 959 3052 Ecclesia
986 2994 1138 3053 societatis
1160 2994 1227 3056 iure
1255 2995 1408 3056 fruuntur.

270 3094 381 3155 Contra
414 3094 571 3165 Calvinus,
603 3096 655 3174 qui
688 3097 862 3155 institutum
894 3097 994 3176 potius
1026 3095 1189 3158 Ecclesiam
1222 3097 1329 3158 habuit
1358 3117 1409 3158 ex·

269 3199 418 3260 trinsecus
454 3220 470 3260 a
507 3197 570 3259 Deo
608 3199 696 3259 nobis
731 3200 920 3279 impositum,
952 3201 990 3260 ad
1022 3201 1191 3263 istiusmodi
1224 3203 1312 3262 unice
1344 3203 1408 3264 sere
1449 3247 1450 3252 η

269 3321 324 3362 nos
345 3313 467 3364 revocat
489 3301 640 3363 Ecclesiae
662 3303 872 3382 propagandae
895 3303 1089 3373 adminicula,
1118 3323 1195 3383 quac
1217 3315 1325 3366 natura
1355 3325 1408 3366 sua

269 3415 396 3466 externa
432 3407 533 3486 potius
564 3405 703 3466 habenda
737 3417 823 3476 sunt,
855 3407 893 3466 ad
926 3408 1011 3468 verlsi
1043 3427 1081 3468 sc.
1114 3409 1331 3481 ministerium,
1362 3429 1408 3470 so-

268 3510 400 3570 lemnem
429 3510 538 3570 summi
566 3511 700 3570 numinis
730 3511 861 3580 cultum,
890 3522 1146 3572 sacramentorum
1175 3513 1408 3574 administratio·

268 3631 338 3674 nem
367 3623 399 3673 et
427 3613 602 3693 disciplinae
632 3613 858 3675 Ecclesiasticae
887 3634 991 3686 usum,
1020 3635 1097 3695 quae
1126 3618 1157 3677 in
1180 3615 1264 3678 Lasci
1286 3637 1407 3697 quoquc

272 3714 488 3796 Ecclesiclogia
511 3727 654 3797 tanquam
676 3729 801 3779 externa
824 3720 1011 3780 adsalutem
1032 3721 1132 3781 media
1149 3731 1408 3782 recensentur.-

270 3815 404 3880 Verbum
426 3820 521 3900 igitur
542 3821 679 3882 divinum
701 3822 821 3882 assidue
843 3824 1009 3902 praedicari
1027 3823 1113 3884 iubet
1132 3823 1287 3892 Calvinus,
1309 3825 1407 3903 quod,

271 3921 303 3982 in
325 3941 408 3983 sacra
430 3924 577 4002 scriptura
600 3925 806 3991 reconditum.
829 3937 912 4005 patet
930 3928 1107 4007 unicuique;
1129 3929 1303 3988 annuntiari
1321 3929 1407 3989 iubet

268 4029 379 4107 populo
390 4027 558 4089 doctrinam
573 4038 633 4088 tam
646 4029 772 4097 veteris,
792 4049 882 4108 quam
894 4032 964 4091 novi
977 4029 1178 4099 Testamenti,
1197 4032 1278 4111 qoud
1290 4043 1408 4092 utrum·

269 4150 328 4210 que
340 4133 448 4192 eodem
459 4150 582 4212 prorsus
592 4133 658 4192 loeo
670 4131 777 4202 habet,
793 4144 937 4213 tantaque
949 4135 1144 4196 veneratione
1156 4138 1357 4215 prosequitur,
1373 4146 1407 4197 ut

269 4234 434 4313 quamlibet
463 4235 558 4296 totius
587 4235 704 4296 Codicis
730 4238 971 4299 enuntiationem
1001 4240 1095 4299 veluti
1118 4241 1274 4301 classicum
1297 4251 1406 4302 testem

268 4339 362 4398 citare
385 4339 470 4398 solet.
514 4337 600 4408 Quod
623 4339 708 4419 peius
729 4351 844 4409 autem,
870 4359 970 4401 sacrae
993 4343 1159 4423 scripturae
1182 4345 1336 4404 doctrinae
1359 4364 1406 4404 su-

271 4460 317 4500 ain
341 4460 410 4500 rnox
433 4442 527 4520 ipsius
548 4443 771 4522 Ecclesiacque,
794 4464 882 4522 quom
902 4446 1054 4514 condidit,
1076 4447 1243 4508 doctrinam
1263 4449 1407 4509 audacter

269 4544 443 4612 substituit,
465 4555 496 4604 ct
515 4544 751 4614 Catcchismum‚
770 4565 831 4626 quo
850 4549 899 4607 illa
919 4550 1137 4628 exponebatur,
1156 4550 1268 4630 absque
1281 4571 1302 4612 s.
1315 4553 1406 4632 scrip·
