3240 5100
805 278 867 339 {90
910 327 913 331 ,

267 475 314 537 13.
358 475 480 540 Vacatio
500 479 627 540 militiae
650 480 798 542 Ecclesiae
819 479 967 542 ministris
988 477 1182 541 concedenda
1204 497 1266 540 non
1287 489 1342 541 est.

267 610 315 694 ta.
357 631 472 697 Iniuria
500 637 649 699 Ecclesiae
677 639 824 700 ministris
853 637 969 699 aditum
1001 637 1039 698 ad
1071 645 1239 701 conventus
1266 637 1405 718 politicos

359 741 521 822 praeclusit
542 743 599 803 lex.

269 888 316 950 15.
359 886 403 952 lle
421 889 538 952 indices
553 890 585 951 in
597 891 728 952 Ecclesia
746 892 873 953 sedeant
889 892 947 953 viri
965 891 1164 972 legislationis
1181 891 1405 952 Ecclesiasticae

361 1013 485 1075 prorsus
512 996 660 1076 imperiti,
689 995 721 1056 in
743 996 881 1058 examine
903 1015 959 1076 pro
980 997 1091 1076 gradus
1113 996 1297 1057 Candidatus
1318 996 1406 1057 mini·

362 1100 447 1160 sterii
474 1100 576 1180 legum
601 1101 750 1162 Ecclesiae
772 1110 893 1162 nostrae
915 1101 1024 1181 peritia
1046 1101 1079 1162 in
1101 1099 1285 1181 'lheologiae
1305 1099 1406 1161 candi·

363 1202 442 1264 datis
464 1205 645 1284 requiratur.

314 1413 320 1428 .
362 1364 519 1428 immerito
548 1369 598 1428 lex
629 1367 837 1428 Ecclesiastica
869 1367 1032 1429 ministerii
1061 1365 1239 1430 candidatos
1266 1385 1284 1428 a
1311 1383 1407 1428 sacra·

363 1481 536 1533 mentorum
558 1471 821 1532 administratione
843 1481 934 1532 arcet.

313 1665 319 1678 .
361 1615 396 1679 ln
428 1616 630 1699 alloglemcnt
651 1636 689 1698 op
710 1618 748 1679 de
770 1617 956 1680 vacaturen''
984 1617 1132 1680 delendus
1153 1627 1201 1680 est
1222 1628 1277 1680 art.
1300 1619 1345 1680 55.

314 1919 320 1933 .
362 1871 397 1932 ln
419 1871 535 1934 Psalmo
553 1871 640 1934 XVll.
659 1872 778 1933 ts-to
798 1872 966 1933 animarum
985 1870 1218 1933 resurrectionis
1232 1873 1347 1934 mentio
1366 1871 1409 1933 fit.

313 2075 320 2090 .
363 2027 480 2090 ibidem
502 2049 543 2092 vs.
566 2031 613 2090 ll.
635 2034 807 2126 *Ttsswttpn
828 2029 949 2110 legatur
970 2033 1144 2126 t'ttmpmn.

314 2233 320 2245 .
363 2187 471 2246 lencm.
500 2183 548 2246 VI.
572 2187 598 2246 7.
624 2204 678 2266 pro
700 2172 749 2242 'tin
768 2202 837 2245 eum
866 2183 1046 2245 masorethis
1073 2185 1193 2266 legatur
1215 2193 1271 2266 'tta
1292 2196 1323 2248 et
1350 2186 1410 2248 for-

365 2363 431 2404 mae
454 2349 521 2434 op]
542 2351 574 2404 et
595 2342 671 2434 iljtssq'l
692 2342 872 2403 deriventur
892 2359 908 2400 a
931 2341 993 2402 rad.
1015 2348 1069 2434 'list

314 2647 320 2660 .
364 2599 562 2661 Vocabulum·
578 2604 708 2665 θάνατος
738 2599 769 2660 in
795 2597 848 2659 Ro.
873 2597 904 2658 V.
930 2601 975 2660 12.
997 2599 1035 2660 de
1058 2609 1156 2660 morte
1178 2599 1301 2682 physica
1323 2604 1411 2664 intel·

365 2705 419 2784 ligi
441 2705 556 2784 nequit.

316 2907 322 2922 .
344 2837 516 2922 'Vocatus
538 2859 611 2938 ὑπὲρ
632 2863 686 2940 γὰρ
699 2905 706 2918 .
719 2903 746 2919 ..
767 2860 936 2929 duodecem
957 2858 997 2920 ib.
1017 2875 1044 2922 v.
1061 2861 1088 2922 7.
1110 2861 1301 2942 plausibilem·
1318 2864 1411 2926 inter·

310 3011 315 3020 .
365 2965 565 3046 pretationem
587 2973 736 3024 rcsusant.

315 3159 321 3172 .
364 3106 549 3174 Matthaeum
568 3111 746 3193 Apostolum
764 3111 943 3192 portitorem
961 3111 1052 3174 luisse
1065 3125 1296 3188 nestatuamus‚
1308 3119 1411 3180 critica

365 3218 574 3279 narrationum
600 3215 852 3296 Euangelicarum
874 3219 1057 3296 comparatio
1079 3227 1170 3280 vetat.

316 3423 322 3436 .
365 3367 419 3435 Mc.
441 3373 474 3434 X.
497 3373 535 3434 43
558 3383 589 3434 et
611 3375 659 3434 ll.
680 3373 772 3434 lectio
794 3375 861 3442 ἒςαι
882 3375 1036 3454 antiquior
1054 3385 1114 3445 est,
1136 3391 1225 3456 quam
1244 3379 1335 3440 lectio
1354 3382 1412 3450 ἔςω

366 3479 398 3539 in
426 3479 493 3538 loco
522 3478 625 3558 parall.
655 3473 741 3537 llltth.
772 3477 832 3538 XX.
854 3479 909 3546 26,
931 3477 978 3538 27.
1022 3472 1207 3542 Vocabulum
1236 3481 1346 3544 dubiae
1375 3485 1412 3544 si·

367 3581 571 3667 gnificationis
593 3581 671 3660 apud
694 3579 827 3641 Marcum
849 3581 992 3661 languide
1014 3583 1176 3646 admodum
1195 3586 1412 3668 interpretatus

368 3695 415 3746 est
436 3686 549 3765 Euang.
572 3684 661 3764 primi
683 3694 797 3745 auctor.

308 3845 324 3904 “.
366 3844 381 3902 l
406 3840 447 3902 Ιο.
470 3840 520 3902 lll.
541 3843 589 3903 20.
612 3861 668 3922 pru
688 3861 746 3904 rec.
768 3843 837 3905 leet.
860 3845 908 3904 doe
925 3844 977 3904 tea
999 3845 1067 3926 lege
1089 3850 1107 3906 ὅ
1127 3871 1156 3908 τι
1178 3849 1223 3911 ἄν.

318 4047 324 4061 .
367 4001 382 4060 l
404 3997 445 4060 lo.
461 3997 494 4060 v.
515 4001 541 4070 7,
560 4001 588 4060 8.
610 4018 671 4060 non
692 4009 811 4060 tantum
834 4005 907 4060 text.
929 4020 988 4062 rec.
1011 4001 1102 4064 verba
1124 4005 1156 4062 ἐν
1178 4010 1216 4086 193
1239 4010 1352 4092 οὐρανῷ
1373 4044 1413 4055 -

367 4105 399 4162 ἐν
425 4113 458 4182 τῇ
482 4111 516 4184 γῇ
545 4105 669 4165 testium
702 4105 883 4164 auctoritate
917 4107 1085 4168 omittenda
1117 4119 1203 4180 sunt,
1235 4111 1289 4174 scd
1321 4115 1412 4175 etiam

367 4207 475 4278 verba,
505 4227 582 4288 quae
611 4217 742 4277 restant,
771 4211 818 4267 ὅτι
840 4221 920 4286 τρεῖς
941 4243 982 4254 ·-
1003 4210 1034 4270 ἓν
1055 4218 1151 4283 εἰσιν,
1181 4217 1300 4276 tametsi
1325 4217 1412 4279 codd.

368 4311 593 4381 commendata,
626 4321 714 4373 vetus
746 4311 894 4391 glossema
922 4313 1070 4376 redolent.
1113 4315 1343 4400 Coniungantur
1370 4340 1412 4383 vs.

368 4417 441 4477 det
462 4417 489 4475 9.

750 4575 942 4612 —4—

713 4665 1013 4790 trocaltd
