3240 5100
804 296 862 356 tto

264 497 345 558 vitae
373 495 509 576 probitas
534 505 625 576 atque
651 498 813 578 integritas
835 498 917 558 inter
936 497 1106 564 ministros,
1128 495 1263 556 seniores
1285 509 1319 554 ac
1340 489 1402 550 dia·

266 617 357 660 conos
378 600 467 660 simul
490 619 593 660 omnes
617 601 795 664 observetur
816 611 848 662 et
869 599 1137 678 custodiatur³⁷l.”

784 795 889 804 ,.---

678 935 761 998 Batia
782 935 994 998 Ecclesiastico.

311 1117 492 1197 Appendicis
509 1122 575 1182 loco
592 1123 770 1202 paucissima
789 1123 936 1202 quaedam
959 1123 996 1182 de
1015 1116 1330 1181 bonisEcclesiasticis
1345 1132 1405 1174 mo·

271 1222 371 1284 nenda
383 1235 461 1284 sunt.
485 1224 508 1284 E
521 1224 606 1286 Lasci
618 1246 738 1306 quoque
750 1229 902 1288 sententia
915 1227 1031 1287 aerario
1043 1224 1169 1285 Ecclesia
1182 1222 1328 1283 destituta
1341 1235 1405 1278 csse

272 1328 394 1404 nequit,
416 1339 450 1388 ut
473 1328 531 1390 rite
554 1330 703 1392 obeantur
724 1333 910 1402 lunationes,
938 1332 1024 1390 »sinc
1047 1330 1156 1410 quibus
1178 1345 1276 1406 neque
1299 1324 1407 1404 guber·

274 1432 361 1491 »nari
391 1443 489 1502 recte,
518 1453 616 1520 neque
643 1437 730 1497 facile
752 1439 918 1498 consistere
940 1445 1039 1516 potest
1062 1433 1192 1493 Ecclesia
1205 1430 1267 1512 38).”
1309 1427 1408 1488 Eccle-

273 1535 334 1594 siae
363 1536 444 1598 enirn
474 1537 563 1598 officii
593 1539 623 1599 id
652 1559 717 1600 esse
746 1552 862 1610 censet,
891 1553 926 1601 ut
954 1539 1100 1600 ministris
1122 1557 1182 1598 non
1204 1545 1340 1603 tantum,
1362 1532 1410 1593 sed

273 1640 402 1704 omnibus
420 1641 506 1702 etiam
524 1643 682 1705 senioribus
700 1651 783 1724 atque
800 1644 930 1704 diaconis
942 1645 976 1725 39)
998 1645 1036 1704 dc
1056 1643 1183 1717 honesta
1197 1642 1276 1702 vitae
1292 1639 1409 1698 ratione

273 1746 489 1828 prospiciam).
532 1747 578 1808 Ad
601 1747 764 1808 Ecclesiam
786 1768 906 1828 quoque
929 1749 1082 1828 pertinere
1104 1747 1178 1806 dicit
1201 1763 1326 1804 »curam
1347 1759 1409 1801 soo-

275 1848 392 1912 »larum
419 1852 650 1930 aperiendorum
673 1873 740 1914 cum
763 1854 826 1912 suis
846 1852 1064 1932 ludimagistris
1080 1850 1153 1930 ⁴¹),''
1184 1860 1218 1909 nt
1244 1863 1411 1928 egenorum

273 1951 361 2012 liberi
381 1955 475 2034 gratis
494 1956 593 2034 aliqua
612 1958 718 2016 saltem
730 1957 923 2016 institutione
935 1954 1131 2034 fruantur42).
1164 1951 1300 2030 Denique
1312 1950 1411 2010 istius-

274 2055 355 2116 modi
384 2058 534 2117 aerarium
564 2061 746 2138 requiritur,
775 2071 810 2120 ut
838 2060 949 2120 habeat
974 2059 1123 2127 Ecclesia,
1144 2058 1226 2118 unde
1247 2053 1412 2135 largiendis

276 2159 477 2240 eleemosynis
499 2163 618 2242 inopiae
641 2181 807 2244 egenorum
829 2162 1047 2243 subveniat⁴³).

789 2417 897 2425 —.-.-

623 2601 835 2664 anastasio
856 2601 1004 2664 caetris
1026 2601 1074 2663 Ill.

321 2781 417 2863 Utitur
439 2783 585 2855 Ecclesia,
614 2794 645 2846 at
673 2789 759 2868 finem
789 2809 870 2849 saam
896 2794 1081 2868 assequatur,
1109 2785 1210 2845 mediis
1237 2801 1256 2843 a
1280 2783 1338 2844 lleo
1361 2781 1416 2842 sibi

280 2887 433 2956 concessis,
461 2907 548 2968 patae,
578 2891 655 2950 omiti
683 2892 715 2951 ia
743 2913 772 2952 se
797 2893 953 2970 salutifera
981 2893 1009 2952 ai
1036 2891 1187 2958 destituta,
1217 2895 1283 2949 tana
1304 2887 1416 2946 demam

280 2995 446 3069 cooperante
475 2993 543 3071 spir.
570 3002 627 3054 sato
659 2996 888 3076 sanctificabant,
921 2997 947 3056 si
978 2996 1083 3075 absque
1114 2993 1192 3054 oanni
1220 2990 1418 3071 superstitione

279 3103 363 3171 prato
391 3097 487 3156 animo
516 3105 543 3156 et
570 3116 627 3178 qna
655 3099 731 3160 decet
761 3100 951 3160 benevolentia
983 3117 1001 3159 a
1035 3099 1196 3158 dominibus
1223 3095 1416 3174 recipianter,
1453 3083 1455 3088 ’

280 3198 349 3259 dam
370 3219 466 3260 omnes
486 3201 573 3262 simat
593 3209 740 3272 ainanter,
762 3211 900 3283 qnantum
921 3203 952 3262 in
974 3223 1004 3263 se
1021 3203 1107 3263 sitnm
1125 3209 1181 3270 est,
1203 3201 1278 3261 uires
1294 3199 1417 3276 innpant

282 3319 317 3361 ac
345 3303 515 3379 facultates,
544 3312 575 3365 at
603 3325 666 3366 eam
694 3307 819 3386 inpressi
847 3308 938 3376 aiam,
967 3325 1053 3386 qaam
1077 3305 1246 3366 monstrauit
1266 3304 1304 3364 iis
1325 3303 1416 3371 Dens,

282 3404 402 3466 intimae
434 3425 497 3467 caan
532 3408 645 3469 Claristo
677 3413 881 3472 communionis
909 3413 941 3472 in
962 3411 1022 3472 dies
1043 3411 1137 3490 mapis
1159 3412 1232 3490 fiant
1250 3409 1416 3488 participes.

285 3508 429 3571 Commisit
456 3512 546 3588 ipitar
574 3513 723 3574 Ecclesiae
747 3516 824 3576 Dens
846 3516 957 3576 verbi
979 3515 1267 3582 ministerium,
1296 3530 1349 3592 qao
1374 3530 1417 3571 re·

281 3614 448 3674 notationem
469 3633 551 3676 snam
571 3617 603 3676 in
627 3618 754 3688 Clnisto,
780 3621 908 3698 qualern,
928 3627 1136 3699 praeparatam
1158 3618 1228 3678 olim
1249 3636 1267 3677 a
1291 3615 1416 3694 Prophe·

283 3716 321 3776 tis
349 3723 375 3776 et
403 3719 520 3780 coelitus
551 3723 718 3800 aneatorum
746 3743 809 3783 uoce
840 3725 1054 3793 denuntiatam,
1084 3723 1266 3784 tradiderant
1288 3738 1350 3780 cam
1371 3737 1418 3778 no-

279 3891 571 3902 --—-—-——..

312 3982 344 4046 ³7)
362 3983 398 4035 Ib.
415 4001 438 4050 p.
458 3987 513 4037 525.
648 3987 679 4051 38)
698 3987 733 4038 lb.
751 4003 775 4052 p.
794 3989 850 4039 562.

314 4069 346 4130 ³⁹)
366 4073 418 4121 aaa.
436 4071 510 4120 Lunai.
528 4071 583 4121 mai.
601 4088 624 4136 p.
643 4072 682 4122 28.
701 4071 736 4122 Ci.
754 4071 786 4121 ib.
805 4087 828 4134 p.
847 4069 886 4122 ἃ.

313 4151 344 4213 ⁴⁰)
362 4153 448 4201 Forma
465 4169 494 4202 aa
510 4158 557 4202 rat.
575 4154 630 4202 min.
649 4154 722 4204 Eond.
741 4171 764 4218 p.
784 4153 807 4202 λ.
825 4161 850 4202 et
868 4155 924 4208 287.

313 4236 345 4296 41)
364 4233 400 4282 Ib.
418 4251 441 4298 p.
460 4237 499 4286 56.
518 4235 555 4284 Cf.
575 4237 625 4286 aaa.
644 4236 718 4288 Land.
737 4239 792 4288 mai.
810 4255 835 4302 p.
854 4237 893 4286 28.

313 4318 344 4380 ⁴²)
363 4319 449 4368 Forma
466 4335 495 4367 aa
511 4322 559 4367 rat.
577 4319 633 4367 enin.
650 4319 726 4368 Lond.
745 4334 768 4382 p.
787 4320 843 4369 106.

312 4399 344 4461 43)
365 4400 416 4448 Cat.
436 4399 511 4448 Lond.
532 4399 587 4448 mai.
608 4413 632 4462 p.
652 4399 691 4447 36.
709 4399 745 4448 Ol.
764 4399 795 4450 ib.
814 4417 837 4464 p.
857 4400 895 4448 28.
917 4401 941 4447 ct
961 4399 987 4448 in
1007 4399 1118 4448 universo
1138 4400 1224 4448 Forma
1249 4411 1278 4446 ac
1299 4400 1347 4445 rat.
1364 4393 1421 4444 min.

282 4482 358 4532 Lond.
378 4497 401 4546 p.
423 4479 564 4531 aaa-571.
596 4481 791 4542 „Argumentum
815 4479 937 4528 concionis
962 4483 1017 4543 post
1042 4479 1155 4529 collatum
1181 4477 1207 4526 in
1227 4475 1360 4526 Ecclesiam
1381 4490 1421 4540 pu·

285 4564 395 4624 „blicam
411 4561 510 4625 aliquod
525 4560 689 4610 beneficium.'’
