3228 5102
824 283 865 344 ll

320 484 391 546 Sine
420 485 482 545 ulla
510 485 617 546 vocula
643 483 747 546 addita
768 483 963 544 definitiones
989 483 1055 544 illas
1082 503 1165 545 mere
1187 483 1415 563 descripsimus,

280 589 395 668 opinati
424 589 563 669 volupius
590 589 655 649 fore
677 588 798 656 lectori,
827 588 852 646 si
876 587 1023 666 ipsissima
1045 586 1160 648 Caluini
1183 589 1275 648 verba
1296 587 1354 647 sibi
1377 586 1416 646 ob

281 693 385 752 oeulos
405 693 503 772 posita
524 692 660 754 baberet.
701 692 779 752 Cave
803 701 921 760 tamen,
942 710 981 754 ne
1003 691 1130 752 nimium
1152 692 1321 753 istiusmodi
1343 689 1416 752 defi-

280 797 390 856 nitioni
423 796 565 875 ponderis
598 796 721 856 tribuas.
763 793 954 874 Magniloqua
972 795 1064 855 verba
1094 805 1177 865 sunt,
1207 815 1265 856 usu
1291 795 1417 856 tritaet

279 898 452 978 divulgata,
470 917 547 978 quae
565 909 667 958 tamen
679 916 769 976 quam
791 915 897 976 parum
919 897 1042 958 omnino
1057 895 1217 975 proficiant
1231 899 1269 958 ad
1291 899 1357 960 eius
1378 897 1416 958 de
1521 898 1526 908 '

281 999 414 1062 Ecclesia
436 1002 621 1064 scatentium
641 999 856 1082 indagandam,
877 999 935 1064 hoe
957 1001 1053 1081 ipsum
1068 1011 1159 1080 caput
1179 1001 1352 1064 luculenter
1372 1018 1417 1062 os·

281 1106 397 1168 tendet.

280 1348 282 1356 ι
323 1313 345 1396 p
367 1314 394 1375 E
425 1312 584 1393 insapiens,
603 1312 661 1374 sice
677 1313 803 1393 figurae,
821 1312 922 1392 quibos
944 1310 1091 1376 Ecclesiae
1108 1311 1185 1374 notio
1202 1311 1377 1374 illustrator.

324 1518 480 1582 »Ecclesia
500 1531 599 1582 mater
619 1530 682 1592 est,
710 1523 743 1583 iu
771 1522 858 1584 cuius
880 1522 949 1584 sinu
970 1523 1129 1602 aggregari
1152 1524 1217 1584 vult
1239 1523 1320 1584 lleus
1341 1519 1420 1581 filios

284 1643 391 1694 osnes,
413 1645 475 1687 non
496 1627 603 1696 modo,
625 1637 659 1687 ut
681 1627 746 1687 eius
768 1645 858 1706 opera
878 1646 911 1686 ac
928 1627 1099 1688 ministerio
1117 1628 1253 1696 alantur,
1274 1625 1420 1705 quamdiu

279 1729 438 1790 ninlentes
464 1741 534 1791 sunt
560 1750 594 1790 ae
619 1731 721 1810 pueri,
743 1730 796 1790 sed
818 1749 890 1791 cura
915 1730 1007 1790 ctiam
1028 1741 1165 1792 materna
1186 1741 1347 1810 regantur,
1369 1729 1419 1788 do·

284 1852 362 1893 »nec
384 1834 573 1901 adolescant,
595 1852 629 1894 ac
659 1832 781 1894 tandem
807 1833 845 1892 ad
871 1830 943 1892 fidei
968 1841 1080 1894 metam
1109 1833 1296 1912 perveniant
1340 1829 1421 1892 Haec

284 1937 404 2005 renim,
433 1955 510 2015 quae
540 1935 622 1996 Deus
644 1936 802 1996 coniunxit
831 1936 963 2015 seperari
989 1935 1033 1996 fas
1061 1953 1123 1996 non
1145 1946 1207 2005 est;
1234 1945 1287 2004 ut,
1311 1934 1421 2014 quibus

285 2040 370 2119 »ipse
400 2051 445 2100 est
472 2049 574 2119 pater,
602 2038 735 2100 Ecclesia
757 2040 850 2100 etiam
871 2049 969 2100 mater
990 2040 1045 2106 sit,
1067 2057 1167 2118 neque
1195 2040 1226 2100 id
1255 2038 1311 2098 sub
1340 2035 1420 2117 Lege

279 2141 414 2209 amodo,
435 2141 599 2203 sedetiam
621 2151 688 2220 post
710 2140 822 2202 Christi
844 2139 1068 2222 adventum1).”
1097 2139 1135 2201 Et
1157 2141 1291 2221 profecto
1313 2141 1421 2202 nullibi

283 2247 408 2314 melius,
433 2245 609 2314 edocemur,
637 2264 727 2323 quam
756 2245 789 2304 in
811 2245 862 2306 illa
911 2245 1039 2306 »matris
1070 2247 1184 2325 elogio.
1217 2264 1306 2326 quam
1338 2245 1422 2306 utilis

285 2350 347 2409 »sit
369 2347 519 2410 Ecclesiae
541 2350 688 2429 cognitio:
707 2349 830 2427 quando
850 2367 912 2410 non
931 2350 1007 2410 alius
1028 2359 1074 2409 est
1095 2350 1126 2410 in
1139 2349 1242 2412 vitam.
1254 2352 1422 2429 ingressus,

282 2453 366 2513 anisi
388 2469 443 2512 nos
464 2451 527 2530 ipsa
549 2452 698 2531 concipiat
720 2452 751 2514 in
773 2462 878 2521 utero,
907 2452 965 2514 nisi
988 2453 1100 2531 pariat,
1123 2453 1180 2512 nisi
1202 2471 1259 2514 nos
1279 2454 1340 2514 alat
1362 2453 1423 2514 suis

287 2555 470 2624 »uberibus,
496 2556 630 2633 denique
651 2554 706 2616 sub
729 2556 865 2618 custodia
887 2567 918 2616 et
940 2555 1162 2634 gubernatione
1189 2575 1243 2618 sun
1263 2575 1319 2618 nos
1342 2567 1423 2618 tuea-

283 2669 377 2728 etur,
408 2660 503 2724 donee
536 2660 621 2718 exuti
654 2677 744 2720 carne
779 2659 916 2727 mortali,
947 2659 1059 2722 similes
1087 2661 1200 2721 erImus
1230 2661 1350 2740 'angelis
1372 2659 1423 2739 ²).’'

287 2761 362 2824 Prae
384 2763 509 2841 reliquis
530 2761 670 2826 omnibus
690 2763 797 2826 metris
817 2763 867 2824 illa
896 2763 996 2842 imago
1020 2762 1144 2824 Calvino
1165 2765 1196 2824 in
1215 2765 1332 2826 deliciis
1350 2764 1424 2832 luit,

286 2885 365 2945 quae
390 2884 483 2945 quum
505 2867 630 2946 egregie
650 2885 718 2928 cum
739 2867 805 2928 eius
826 2867 980 2947 cogitandi
1002 2868 1120 2928 ratione
1141 2867 1284 2946 quadrat,
1311 2867 1424 2927 mirum

287 2968 373 3030 dictu
400 2977 461 3036 ost,
489 2979 635 3046 quantum
661 2968 751 3030 saciat
773 2969 811 3030 ad
833 2969 899 3030 eius
924 2969 962 3029 de
983 2968 1115 3032 Ecclesia
1138 2972 1320 3034 sententiam
1342 2971 1425 3051 peni·

285 3073 349 3134 tius
366 3072 605 3152 perspiciendam
617 3073 653 3154 ¹);
677 3092 770 3151 quum
782 3074 960 3152 praesertim
979 3073 1039 3134 iam
1057 3074 1174 3153 origine
1187 3093 1241 3136 sue
1258 3075 1359 3154 imago
1374 3075 1425 3136 illa

288 3178 368 3238 clare
394 3177 544 3246 ostendit,
570 3195 660 3256 quam
683 3178 819 3256 proxime
841 3177 984 3240 Calvinus
1006 3178 1038 3238 iu
1060 3177 1173 3238 talibus
1193 3198 1211 3238 a
1232 3177 1425 3240 Romanensi·

285 3279 349 3342 bus
366 3280 452 3343 absit.
495 3280 580 3351 Quae
601 3291 757 3360 praeterea
779 3281 839 3342 buc
857 3283 1013 3361 pertiuent
1031 3283 1122 3362 longe
1139 3283 1267 3344 minoris
1280 3283 1426 3344 momenti

290 3393 373 3453 aaut,
395 3403 489 3463 quare
511 3385 606 3448 verbo
625 3386 779 3448 monuisse
801 3385 929 3448 sufficiat
952 3387 1071 3466 saepius
1093 3386 1172 3465 apud
1194 3405 1262 3448 eum
1282 3386 1427 3448 celebrari

290 3488 446 3569 spirituale
474 3487 586 3550 Christi
608 3499 647 3550 'et
689 3487 862 3550 »Ecclesiae
891 3489 1066 3569 coniugium
1079 3487 1135 3570 ⁴);'’
1165 3489 1302 3568 adeoque
1328 3488 1428 3550 Eecle

290 3591 364 3656 siam
393 3590 481 3654 nobis
507 3593 635 3672 proponi
662 3592 718 3654 sub
747 3593 879 3672 imagine
930 3611 1078 3672 »sponsae
1108 3590 1220 3652 Christi
1232 3592 1282 3674 5).”
1313 3591 1429 3654 Dicitur

290 3713 381 3776 porro
423 3693 604 3775 »Euangelii
633 3696 790 3756 doctrinae
818 3695 879 3758 lida
907 3706 1008 3758 custos
1036 3706 1069 3758 et
1096 3696 1246 3775 interpres
1258 3694 1310 3776 ⁸),”
1338 3707 1429 3776 atque

292 3798 330 3859 ad
359 3797 443 3860 Pauli
469 3799 565 3860 instar
590 3799 769 3880 frequenter
789 3798 951 3880 magnifico
973 3811 1100 3862 ornatur
1121 3801 1210 3860 titulo
1252 3801 1431 3861 »columnae

322 4052 343 4115 ¹)
360 4052 422 4103 Iacet.
434 4050 477 4102 IV.
490 4051 513 4101 1.
527 4050 551 4100 1.
640 4048 660 4113 ²)
678 4050 740 4101 Inal.
752 4049 796 4102 IV.
809 4051 832 4102 1.
844 4053 869 4102 4.
881 4051 918 4102 ot.
931 4063 1062 4112 erraretur,
1075 4051 1106 4102 de
1116 4053 1211 4102 onitate
1217 4053 1345 4104 Ecclesiae.
1358 4070 1378 4104 c.
1387 4053 1431 4104 VI.

322 4133 342 4197 ³)
361 4133 398 4182 cf.
416 4143 558 4182 scaenam.
578 4131 632 4181 Dae
654 4133 735 4182 Wesen
757 4133 800 4182 dee
818 4135 922 4184 Pretent.
939 4134 987 4186 ΙΙΙ,
1003 4151 1026 4198 p.
1045 4133 1102 4186 177.
1120 4135 1265 4186 conamen.-
1282 4137 1380 4189 Μαάθ
1402 4139 1432 4189 cle

287 4215 399 4283 -rEpIiae
415 4212 514 4280 d'aprBa
531 4211 623 4264 Celata.
641 4213 731 4264 Stresb.
750 4215 824 4266 loeo.
842 4231 865 4281 p,
882 4217 906 4276 7,
925 4217 947 4267 8.
966 4229 1094 4268 scutatae.
1115 4221 1198 4270 Etude
1212 4237 1312 4287 cotnpar.
1326 4221 1368 4272 dee
1379 4223 1433 4273 doc·

295 4301 370 4352 tram
387 4299 416 4350 de
433 4296 504 4358 mc,
527 4298 629 4362 cample
645 4301 670 4345 ct
689 4297 779 4348 Coloba.
797 4297 885 4347 Strasb.
904 4298 977 4349 laet.
993 4313 1018 4362 p.
1038 4299 1094 4352 132.
1111 4302 1232 4354 obstem.
1249 4304 1300 4355 Dee
1311 4305 1433 4370 paucine

295 4381 485 4447 d'orycniectica
501 4381 565 4430 Eccl.
584 4380 614 4430 dc
634 4379 719 4429 Calain
735 4379 824 4432 Strusb.
843 4379 917 4431 ttae
933 4382 994 4445 pl.

336 4462 356 4526 ⁴)
374 4462 435 4512 Inat.
452 4461 495 4512 IV.
513 4461 553 4510 19.
572 4460 612 4511 35.
630 4461 659 4512 cl.
677 4459 720 4510 IV.
739 4461 779 4510 19.
797 4461 821 4512 2,
921 4459 941 4524 ⁸)
960 4460 997 4512 lb.
1014 4461 1057 4514 IV.
1075 4465 1115 4518 19.
1134 4465 1173 4517 85.
1194 4501 1197 4506 -

337 4544 358 4609 ⁸)
375 4545 413 4596 Dc
430 4542 566 4596 dcccdalc'a.
582 4541 649 4595 I'om.
666 4539 738 4594 VIII.
757 4541 811 4594 88¹³.
834 4579 838 4587 .
922 4581 926 4588 .
964 4581 967 4590 .
