3228 5102
849 278 887 338 oa

301 487 388 541 »stea
410 478 612 560 oraretur⁸‘);
633 479 683 540 bic
705 496 778 540 vero
800 486 983 538 canerentur
1005 476 1130 544 Psalmi,
1152 485 1204 536 aut
1222 474 1337 553 aliquid
1355 475 1436 553 lege·

302 593 426 652 »return
461 593 493 644 et
522 601 583 662 quo
611 583 699 643 decet
732 582 838 642 ordine
868 580 973 641 fideles
1001 581 1199 640 sacrosanctis
1228 579 1325 658 epulis
1356 594 1437 636 oom-

304 687 532 756 »municarent,
560 686 708 746 ministris
737 704 844 765 panem
874 684 1085 764 frangentibus
1106 693 1137 744 et
1159 683 1270 763 populo
1292 681 1438 760 praeben·

304 786 422 847 atibus:
461 786 547 848 finita
587 805 680 848 coena
716 785 888 846 exhortatio
920 785 1159 866 haberetur⁰⁵).’'
1212 783 1255 844 De
1288 795 1438 863 tempore,

303 907 363 970 quo
384 889 565 950 celebranda
587 889 641 958 sit,
664 889 741 948 nihil
763 901 879 949 eertum
901 889 1022 949 deliniri
1045 898 1160 969 potest,
1181 888 1272 948 modo
1294 887 1439 966 frequens

303 991 342 1051 sit
371 992 437 1054 eius
465 1012 553 1062 usus,
595 994 659 1054 »ita
689 1003 724 1052 ut
753 993 856 1052 nullus
885 1003 967 1054 certe
993 994 1057 1053 sine
1080 1012 1116 1053 ea
1137 991 1287 1052 habeatur
1308 1008 1439 1050 conven-

305 1105 378 1155 »tus
389 1095 452 1177 ⁸⁸).'’
495 1095 541 1156 Ad
563 1105 703 1175 aegrotos
720 1095 794 1156 ferri
813 1095 930 1156 Coenae
948 1097 1098 1156 elementa
1117 1105 1257 1175 possunt,
1276 1092 1440 1154 dummodo

262 1262 276 1280 f
303 1198 362 1258 rite
391 1197 643 1258 administrentur
654 1198 698 1274 ⁸⁷).
735 1198 841 1258 Calicis
870 1193 1003 1278 denique
1032 1217 1120 1258 usum
1148 1208 1271 1258 strenue
1298 1195 1440 1256 fidelibus

304 1301 502 1383 vindicat⁸⁸),
538 1321 637 1382 neque
667 1303 783 1382 respuit
813 1303 936 1363 omnino
965 1321 1071 1363 recens
1098 1301 1278 1363 denatorum
1311 1300 1342 1359 in
1375 1299 1439 1378 ipsa

303 1402 404 1465 Coena
424 1399 749 1487 conclamatiohem⁸⁹).

678 1611 699 1692 p
720 1613 747 1671 la.
790 1610 971 1691 discipilum
991 1629 1068 1672 usas.
1126 1583 1129 1600 Ι

346 1814 532 1894 Quamquam
561 1817 738 1895 disciplinae
765 1837 837 1878 usus
858 1836 919 1878 non
944 1828 1005 1877 tom
1027 1826 1110 1876 arcte
1132 1835 1201 1876 eum
1223 1815 1373 1876 Ecclesiae
1395 1816 1439 1874 in·

304 1915 373 1978 dole
406 1917 584 1988 cohaereat,
616 1929 666 1988 ut,
695 1939 772 1998 quae
799 1939 836 1980 eo
862 1921 1009 1980 destituta
1038 1921 1077 1980 sit
1106 1918 1257 1987 Ecclesia,
1289 1917 1439 1978 Ecclesiae

304 2038 416 2081 nomen
444 2022 584 2101 protinus
613 2023 732 2082 amittat
745 2023 782 2104 ¹),
814 2033 933 2093 tamen,
962 2023 1218 2103 quemadmodum
1261 2022 1366 2080 »nulla
1395 2037 1440 2079 so·

303 2125 433 2194 scietas,
457 2125 518 2184 imo
540 2126 624 2186 nulla
646 2127 753 2187 domus
775 2127 927 2187 contineri
946 2129 977 2187 in
995 2139 1078 2187 recto
1097 2137 1178 2186 statu
1200 2127 1266 2186 sinc
1284 2123 1441 2202 disciplina

303 2237 444 2306 »potestt
467 2228 606 2305 sequitur
624 2247 689 2288 eam
708 2229 919 2308 multomagis
937 2247 1002 2290 esse
1021 2231 1224 2290 neeessariam
1243 2229 1274 2286 ln
1293 2225 1441 2294 Ecclesia,

303 2331 412 2391 »cuius
441 2341 554 2390 statum
584 2350 674 2409 quam
703 2332 946 2392 ordinatisimum
975 2350 1041 2392 esse
1072 2332 1238 2401 debet,...
1268 2331 1311 2390 ita
1340 2339 1375 2389 ut
1397 2327 1441 2387 illi

304 2433 484 2512 »disciplina
503 2452 557 2512 pro
576 2435 677 2495 nervis
696 2435 752 2502 sit,
773 2453 831 2512 qua
850 2434 901 2503 fit,
919 2445 954 2494 ut
971 2435 1107 2494 membra
1126 2435 1260 2513 corporis
1278 2451 1332 2492 suo
1348 2430 1441 2509 quod·

304 2555 385 2615 »que
411 2537 477 2596 loeo
504 2537 585 2597 inter
611 2557 643 2598 se
670 2537 861 2598 cohaereant.
905 2537 1122 2607 Quamobrem,
1149 2539 1201 2616 qui
1223 2538 1272 2598 vel
1294 2535 1442 2596 sublatam

304 2657 392 2699 »eam
421 2641 563 2720 cupiunt,
597 2642 645 2702 vel
679 2643 744 2701 eius
773 2641 943 2720 impediunt
971 2642 1255 2701 restitutionem...
1290 2637 1439 2698 Ecclesiae

304 2751 409 2825 »certe
438 2753 604 2804 extremam
626 2744 854 2824 dissipationem
876 2745 1091 2827 quaerunt²).''
1125 2744 1284 2804 Doctrinae
1302 2741 1440 2821 inprimis

304 2845 430 2924 puritati
457 2847 522 2907 cius
550 2867 622 2908 usus
651 2849 799 2909 inservire
822 2849 930 2918 debet,
973 2868 1065 2908 »nam
1087 2849 1125 2908 ad
1147 2848 1303 2908 doctrinae
1325 2843 1440 2924 praedi·

304 2947 477 3008 »cntionem
500 2950 644 3010 accedere
665 2949 779 3010 debent
801 2951 936 3030 privatae
959 2947 1197 3016 admonitiones,
1219 2949 1439 3016 correctiones,

305 3059 359 3110 »et
380 3050 438 3110 alia
460 3052 608 3113 eiusmodi
631 3053 840 3121 adminucula,
863 3071 939 3131 quae
962 3053 1123 3112 doctrinam
1144 3053 1297 3112 sustinent
1318 3062 1349 3112 et
1365 3052 1438 3111 otio·

305 3163 389 3213 »tam
411 3172 477 3215 esse
496 3149 561 3216 non
582 3157 687 3217 sinunt
699 3156 752 3230 3).”
796 3155 981 3236 »Disciplina
1003 3156 1098 3235 igitur
1120 3157 1214 3215 veluti
1236 3155 1356 3216 frenum
1377 3163 1439 3224 est,

304 3275 388 3336 »quo
416 3259 608 3320 retineantur
636 3271 668 3322 et
696 3261 874 3328 domentur,
904 3260 956 3338 qui
978 3259 1122 3320 adversus
1144 3257 1256 3318 Christi
1277 3256 1441 3318 doctrinam

306 3361 479 3422 »ferociunt
491 3363 544 3445 ⁸).''
594 3362 743 3424 Nimirum
776 3373 851 3422 tune
883 3363 1005 3423 demum
1047 3364 1131 3424 »vim
1160 3382 1193 3422 ac
1222 3361 1440 3421 authoritatem

305 3464 446 3526 »obtinet
474 3464 621 3535 doctriua,
649 3465 702 3526 ubi
730 3467 869 3527 minister
891 3484 952 3527 non
975 3475 1093 3527 tantum
1116 3465 1256 3526 omnibus
1278 3465 1367 3525 simul
1389 3481 1440 3524 ex·

333 3702 365 3767 84)
384 3704 445 3754 Inui.
461 3701 504 3755 IV.
523 3704 563 3753 18.
582 3703 625 3763 17;
643 3702 686 3754 IV.
705 3704 745 3758 17.
763 3705 803 3757 35.
825 3705 887 3756 Vera
905 3705 973 3756 Eccl.
989 3705 1035 3770 ref.
1052 3707 1100 3755 rat.
1118 3703 1184 3754 Tem.
1201 3701 1272 3752 VIII.
1290 3702 1358 3754 283³.

333 3783 365 3846 85)
383 3787 444 3834 loct.
462 3783 504 3834 IV.
523 3785 563 3838 17.
581 3785 622 3839 47.
1225 3827 1228 3833 .

332 3864 364 3928 ⁸⁶)
383 3867 444 3916 Inat.
461 3865 505 3915 IV.
523 3865 563 3919 17.
583 3869 624 3918 44.
647 3867 676 3917 cl.
697 3868 735 3918 De
754 3869 832 3918 wenc
853 3869 921 3920 Dom.
944 3869 1010 3918 Tem.
1027 3867 1098 3919 VIII.
1115 3868 1153 3918 4o,
1175 3870 1200 3916 ct
1220 3867 1274 3916 Art.
1290 3867 1344 3932 hosa
1363 3882 1435 3918 manu

306 3947 372 3996 Calo.
388 3947 485 4012 compti,
505 3949 575 3999 Oeno.
595 3950 673 4014 ἢμην.
685 3966 781 4015 propos.
801 3955 898 4013 (fluunt
915 3950 936 4002 Ι.
954 3949 1016 4001 Bcil.
1035 3950 1058 3999 8.
1076 3951 1099 3999 S.
1116 3950 1167 4012 48.)

332 4025 364 4090 87)
384 4030 444 4080 last.
462 4029 504 4079 IV.
524 4032 563 4084 17.
582 4031 622 4083 39.
722 4030 810 4094 88)1)ε
829 4034 907 4082 Coeno
923 4033 991 4084 Dom.
1008 4032 1075 4081 Tem.
1093 4029 1164 4082 VIII.
1182 4029 1217 4083 7³.

331 4108 364 4172 ⁸⁹)
388 4110 450 4161 Vera
466 4111 530 4161 Bccl.
547 4114 594 4178 ref.
610 4116 658 4164 rat.
675 4113 742 4164 Tam.
760 4113 831 4162 VIII.
850 4113 920 4165 ooth.

345 4191 446 4254 ¹)1net.
468 4193 511 4244 IV.
534 4195 572 4245 12.
595 4197 635 4244 ll.
660 4197 735 4248 Inatr.
756 4197 811 4246 ado.
832 4197 909 4246 Arsai.
931 4196 998 4246 Tem.
1021 4194 1092 4247 VIII.
1116 4192 1179 4245 8be
1199 4195 1224 4242 et
1247 4189 1317 4242 360¹».
1343 4191 1438 4241 Lcttree

298 4270 384 4337 franc.
401 4272 439 4324 ed.
456 4286 568 4324 nouum.
585 4275 620 4326 II.
639 4277 678 4327 69.

343 4352 364 4414 ²)
383 4355 442 4404 Inct.
460 4353 502 4406 IV.
525 4355 564 4406 12.
583 4356 606 4405 1.
624 4355 660 4405 cl.
677 4357 707 4406 de
723 4374 773 4408 nec.
790 4357 836 4422 ref.
855 4359 923 4409 Eccl.
940 4359 1006 4410 Vom.
1025 4359 1096 4409 VIH.
1115 4356 1168 4409 591»,
1187 4359 1258 4420 Resp.
1276 4370 1296 4404 c.
1312 4363 1433 4404 Pramum

301 4435 368 4484 nom.
385 4434 456 4488 vnn
475 4437 543 4489 1218.
562 4439 646 4489 cmm.
663 4440 689 4488 a
705 4440 758 4490 Aa.
776 4439 825 4490 111.
843 4443 866 4492 1.
883 4443 928 4506 up.
949 4442 1013 4492 cato.
1027 4441 1093 4492 rom.
1111 4437 1168 4491 ura
1186 4454 1210 4503 p.
1225 4437 1266 4499 3¹.
1282 4432 1342 4496 ub.
1360 4431 1436 4493 1⁶⁰¹).

301 4514 377 4581 1722,
394 4516 451 4571 282.
588 4519 609 4583 8)
627 4523 688 4572 ruat.
706 4519 809 4576 lituo.
828 4521 851 4575 1.
