3228 5102
831 315 871 376 et

285 515 557 578 communicatione
590 519 729 589 arcendi,
761 517 893 597 denique
925 515 979 575 ubi
1011 533 1085 594 opus
1116 514 1176 575 erit
1204 514 1242 574 ab
1270 511 1424 576 Ecclesiae

284 619 494 698 communione
524 621 696 689 resecandi,
726 618 1063 696 excommunicatosque
1087 618 1278 698 magistratui
1300 618 1422 678 traden-

284 719 315 781 di
327 722 371 803 ²²).
414 721 674 784 Exoommunicati
696 733 763 804 post
786 722 905 802 publice
927 721 1042 781 editum
1061 721 1267 800 poenitentiae
1287 721 1422 782 testimo·

283 825 369 888 nium
408 835 491 887 retro
524 828 556 887 in
587 825 739 888 Ecclesiae
771 825 1014 887 communionem
1048 825 1168 886 admitti
1200 834 1333 904 possunt.
1385 823 1421 884 Ei

284 937 402 998 autem,
428 930 480 1008 qui
502 930 534 990 in
556 931 755 1010 perversitate
785 949 838 990 sua
869 929 1028 1010 perdurat,
1051 947 1127 1008 aqua
1149 928 1274 1008 ignique
1296 927 1423 988 interdi-

285 1031 420 1113 citur²³).
441 1066 483 1095 -.
503 1031 538 1094 ln
559 1035 732 1096 consistorii
760 1052 903 1095 consessu
930 1033 1103 1094 sententiae
1131 1041 1279 1112 rogantur
1307 1051 1323 1092 a
1346 1029 1423 1111 Syn·

284 1133 361 1195 dico.
404 1133 518 1198 Citatos
540 1137 704 1218 prehendit
722 1139 811 1198 lictor
828 1139 893 1199 sive
915 1154 994 1197 unus
1012 1156 1029 1197 e
1047 1136 1225 1198 decemviris
1244 1135 1423 1215 capitalibus

284 1237 521 1322 (llixeniers)²⁴).
548 1275 589 1288 -
618 1241 782 1303 Peculiaris
809 1241 959 1322 quaedam
988 1251 1146 1322 praeterea
1183 1242 1264 1301 inter
1288 1250 1423 1320 pastores

284 1342 454 1423 adhibetur
468 1345 641 1425 disciplina,
664 1356 698 1407 ut
720 1346 877 1406 doctrinae
900 1347 1015 1426 puritas
1038 1355 1069 1406 et
1091 1345 1241 1405 unanimis
1260 1361 1423 1406 consensus

284 1446 366 1507 inter
394 1467 443 1508 cos
472 1459 612 1509 servetur
639 1451 815 1510 incolumes
859 1448 1043 1528 Siquando
1068 1450 1106 1510 de
1135 1449 1274 1510 doctrina
1300 1449 1423 1509 obortae

283 1551 354 1612 lites
377 1553 471 1614 amice
494 1533 633 1634 componi
655 1564 823 1634 nequeant,
854 1553 996 1615 Seniores
1018 1573 1082 1615 rem
1105 1554 1289 1622 diiudicent;
1315 1552 1423 1612 ultimo

284 1655 351 1716 loco
380 1655 435 1716 »tc
456 1673 542 1718 coose
564 1657 618 1718 soit
638 1657 751 1737 de'fdre‘c
772 1677 812 1720 ac
832 1659 986 1738 magistrat
1005 1679 1080 1739 poor
1100 1679 1120 1736 y
1141 1664 1242 1718 mettre
1263 1651 1423 1737 ordrc'²⁵].''

324 1755 390 1836 lpse
411 1761 607 1840 magistratus
629 1761 707 1822 hanc
729 1764 828 1843 legem
847 1764 1066 1844 promulgavit;
1089 1762 1293 1842 subsignavit,
1316 1761 1367 1840 qui
1386 1760 1423 1820 iis

283 1861 300 1919 b
323 1859 454 1924 Secrctis
476 1861 538 1934 est,
561 1875 592 1926 et
614 1867 712 1946 sigillo
735 1867 854 1947 publico
876 1868 1098 1947 insigniendum
1117 1867 1291 1948 curavit²⁶).
1332 1864 1424 1944 Magi·

285 1967 394 2026 stratui
425 1969 584 2048 approbari
614 1970 727 2030 debent
756 1981 898 2050 pastores.
949 1971 974 2031 A
1002 1972 1182 2052 magistratu
1208 1969 1424 2046 emagistratu

285 2069 396 2132 delecti
422 2071 558 2132 seniores
587 2074 749 2154 collegium
775 2077 980 2145 constituunt,
1003 2077 1051 2136 cui
1074 2086 1119 2136 est
1142 2094 1252 2136 nomen
1274 2074 1424 2134 inditum:

285 2172 431 2234 »Commta
462 2175 498 2234 dc
528 2176 557 2235 lc
588 2175 890 2259 stapaeartew
933 2180 958 2238 Α
990 2179 1171 2260 magistratu
1197 2199 1214 2239 e
1244 2177 1424 2257 magistratu

284 2285 429 2337 creantur
450 2279 578 2339 diaconi.
622 2281 647 2340 A
668 2284 849 2362 magistratu
873 2283 911 2344 de
934 2283 1031 2344 officio
1054 2291 1252 2344 removentur
1273 2291 1424 2360 pastores,

284 2377 444 2441 haereseos
467 2383 529 2442 sive
552 2382 721 2444 schismatis
743 2385 786 2444 rei
810 2384 983 2464 peraeti²⁸).
1015 2383 1063 2444 Ad
1084 2385 1293 2464 magistratum
1316 2385 1348 2444 in
1366 2383 1424 2443 dis·

284 2483 413 2562 ciplinac
450 2503 507 2545 usu
543 2485 619 2545 nihil
653 2506 714 2547 non
744 2488 891 2557 resectum
932 2487 1005 2567 quin
1034 2488 1127 2548 totius
1155 2489 1332 2568 disciplinae
1361 2488 1425 2566 ipse

284 2587 479 2667 magistratus
508 2589 628 2669 publica
657 2591 837 2672 interposita
866 2593 1048 2652 auctoritate
1077 2592 1157 2652 basis
1184 2601 1231 2652 est
1256 2611 1290 2652 ac
1318 2591 1425 2651 funda·

284 2701 439 2760 mentum,
469 2711 529 2771 quo
558 2693 677 2754 sublato
703 2696 826 2755 corruit.
869 2695 1062 2775 Magistratus
1084 2716 1143 2756 una
1165 2715 1233 2756 cum
1255 2695 1426 2776 pastoribus

284 2795 355 2854 visit
386 2793 532 2856 Ecclesias
560 2799 677 2858 rurales
690 2798 734 2878 ²⁹).
777 2797 971 2878 Magistratus
993 2800 1125 2878 denique
1147 2801 1329 2860 sententiam
1352 2798 1426 2858 dicit

284 2897 315 2957 in
338 2899 569 2976 quaestionibus
591 2900 809 2980 coniugialibus
821 2901 864 2982 ³⁰).
907 2899 941 2960 In
960 2901 1101 2960 universo
1120 2901 1186 2980 ejus
1205 2901 1243 2961 ad
1262 2899 1426 2960 Ecclesiam

285 3001 394 3060 relatio
417 3001 510 3080 probe
532 3005 726 3082 cognoscitur
747 3023 785 3063 ex
807 3003 854 3063 his
874 3004 989 3064 verbis:
1022 3003 1109 3074 »Que
1129 3015 1197 3065 tout
1219 3006 1282 3064 cela
1301 3023 1333 3064 sc
1348 3005 1425 3064 lasse

285 3123 346 3164 »en
376 3105 447 3165 telle
475 3115 573 3174 sorte,
602 3124 660 3184 que
693 3107 737 3166 les
768 3107 922 3166 ministres
943 3109 1070 3186 n'ayent
1092 3127 1209 3168 aucune
1228 3107 1426 3186 jurisdiction

286 3209 415 3278 »civile,
442 3219 474 3269 et
503 3227 562 3286 que
591 3227 645 3288 par
667 3228 700 3269 ce
722 3211 835 3270 conseil
856 3211 1063 3290 (consistoire)
1084 3231 1122 3271 ne
1145 3213 1203 3271 soit
1225 3231 1263 3272 en
1285 3211 1350 3271 rien
1374 3210 1425 3270 de-

288 3313 405 3391 trogue
435 3313 451 3370 a
478 3311 656 3371 l’authorite
682 3313 719 3372 de
742 3314 770 3372 la
794 3311 988 3393 Seigneurie,
1014 3316 1045 3374 ni
1074 3317 1090 3374 b
1112 3317 1140 3374 la
1159 3315 1270 3393 justice
1294 3313 1425 3373 ordinai-

287 3435 417 3484 nre,...
436 3415 517 3474 ainsi
537 3433 595 3493 que
614 3415 658 3474 les
676 3426 829 3494 pasteurs,
853 3418 892 3476 od
911 3419 932 3476 il
952 3437 1017 3477 sera
1036 3418 1140 3478 besoin
1156 3419 1194 3477 de
1207 3417 1280 3477 seire
1293 3417 1426 3496 quelque

287 3519 449 3598 »punition
462 3562 468 3578 .
481 3563 507 3577 ..
527 3528 620 3596 ayent
638 3518 655 3576 a
675 3529 817 3598 apporter
835 3520 863 3579 le
882 3530 950 3582 tout
973 3540 1011 3580 au
1030 3522 1157 3581 conseil:
1175 3522 1276 3601 lequel
1294 3539 1346 3580 sur
1357 3519 1426 3578 leur

287 3621 441 3689 »relation
469 3619 608 3680 aduisera
637 3620 708 3681 d'en
735 3622 889 3701 ordonner
910 3634 941 3684 et
961 3625 1036 3685 faire
1055 3625 1214 3704 jugement
1236 3627 1319 3686 selon
1341 3626 1426 3688 l’exi·

286 3742 405 3806 agente
427 3724 469 3784 du
490 3724 614 3806 cas³¹).”

327 3825 394 3888 Non
423 3837 484 3888 tam
515 3827 570 3888 Dei
599 3829 742 3899 verbum,
771 3849 861 3910 quam
890 3831 1058 3893 doctrinam
1085 3833 1189 3912 potius
1214 3834 1245 3894 in
1268 3831 1425 3896 Geneven·

218 3950 220 3954 ’
286 3933 363 3994 sium
393 3931 526 3994 Ecclesia
556 3943 724 4014 receptam,
758 3935 854 4014 qualis
883 3946 996 4016 prostat
1025 3937 1056 3997 in
1086 3935 1289 4008 catechismo,
1311 3939 1426 4000 salvam

316 4178 886 4244 mmpmmnusmmwmp

215 4251 218 4256 ’
316 4259 706 4325 mammosam.
807 4259 1189 4326 mmpmmsmm

317 4341 703 4407 mnpnamsmm
805 4339 1172 4407 mnpapsemp

317 4423 701 4489 mammosam.
802 4424 1188 4490 mmpmnsmq

317 4503 764 4571 mmpmmpsmm.
865 4503 1246 4574 mmpmpamm

317 4585 703 4654 mmpmpsmm
