<?xml version="1.0" encoding="UTF-8"?>
<!DOCTYPE html PUBLIC "-//W3C//DTD XHTML 1.0 Transitional//EN"
    "http://www.w3.org/TR/xhtml1/DTD/xhtml1-transitional.dtd">
<html xmlns="http://www.w3.org/1999/xhtml" xml:lang="en" lang="en">
 <head>
  <title>
</title>
<meta http-equiv="Content-Type" content="text/html;charset=utf-8" />
  <meta name='ocr-system' content='tesseract 3.04.00' />
  <meta name='ocr-capabilities' content='ocr_page ocr_carea ocr_par ocr_line ocrx_word'/>
</head>
<body>
  <div class='ocr_page' id='page_1' title='image "./disquisitiohist00kuypgoog_0017.png"; bbox 0 0 3228 5102; ppageno 0'>
   <div class='ocr_carea' id='block_1_1' title="bbox 529 827 1009 923">
    <p class='ocr_par' dir='ltr' id='par_1_1' title="bbox 529 827 1009 923">
     <span class='ocr_line' id='line_1_1' title="bbox 529 827 1009 923; baseline 0.015 -7"><span class='ocrx_word' id='word_1_1' title='bbox 529 909 532 916; x_wconf 52' lang='lat'>.</span> <span class='ocrx_word' id='word_1_2' title='bbox 599 827 1009 923; x_wconf 84' lang='lat' dir='ltr'><strong>CONSPECTUS.</strong></span> 
     </span>
    </p>
   </div>
   <div class='ocr_carea' id='block_1_2' title="bbox 700 1112 915 1128">
    <p class='ocr_par' dir='ltr' id='par_1_2' title="bbox 700 1112 915 1128">
     <span class='ocr_line' id='line_1_2' title="bbox 700 1112 915 1128; baseline 0.005 0"><span class='ocrx_word' id='word_1_3' title='bbox 700 1112 915 1128; x_wconf 60' lang='grc' dir='ltr'>ΜΛΛΛᾸΑΛΜΝΨΛΝῚ</span> 
     </span>
    </p>
   </div>
   <div class='ocr_carea' id='block_1_3' title="bbox 226 1293 1372 1591">
    <p class='ocr_par' dir='ltr' id='par_1_3' title="bbox 226 1293 1372 1591">
     <span class='ocr_line' id='line_1_3' title="bbox 227 1293 1339 1414; baseline -0.001 -4"><span class='ocrx_word' id='word_1_4' title='bbox 227 1360 403 1412; x_wconf 75' lang='lat' dir='ltr'><strong>curremus</strong></span> <span class='ocrx_word' id='word_1_5' title='bbox 406 1393 1231 1414; x_wconf 25' lang='lat'><strong>..................................</strong></span> <span class='ocrx_word' id='word_1_6' title='bbox 1265 1293 1339 1412; x_wconf 39' lang='grc' dir='ltr'><strong>ιη’</strong></span> 
     </span>
     <span class='ocr_line' id='line_1_4' title="bbox 226 1441 1372 1508; baseline 0 -13"><span class='ocrx_word' id='word_1_7' title='bbox 226 1442 333 1495; x_wconf 74' lang='lat' dir='ltr'><strong>PARS</strong></span> <span class='ocrx_word' id='word_1_8' title='bbox 352 1448 376 1496; x_wconf 89' lang='grc'><strong>1.</strong></span> <span class='ocrx_word' id='word_1_9' title='bbox 410 1442 545 1508; x_wconf 77' lang='lat' dir='ltr'><strong>Exponitur</strong></span> <span class='ocrx_word' id='word_1_10' title='bbox 562 1443 585 1496; x_wconf 83' lang='lat' dir='ltr'><strong>J.</strong></span> <span class='ocrx_word' id='word_1_11' title='bbox 603 1443 700 1494; x_wconf 80' lang='lat' dir='ltr'><strong>Caluini</strong></span> <span class='ocrx_word' id='word_1_12' title='bbox 716 1443 746 1494; x_wconf 91' lang='lat' dir='ltr'><strong>de</strong></span> <span class='ocrx_word' id='word_1_13' title='bbox 762 1441 871 1493; x_wconf 75' lang='lat' dir='ltr'><strong>Ecclesia</strong></span> <span class='ocrx_word' id='word_1_14' title='bbox 887 1441 1006 1494; x_wconf 69' lang='lat' dir='ltr'><strong>mutantia</strong></span> <span class='ocrx_word' id='word_1_15' title='bbox 1023 1477 1230 1494; x_wconf 87' lang='grc'><strong>.........</strong></span> <span class='ocrx_word' id='word_1_16' title='bbox 1264 1443 1372 1496; x_wconf 83' lang='lat'>1-100.</span> 
     </span>
     <span class='ocr_line' id='line_1_5' title="bbox 294 1529 1288 1591; baseline 0 -11"><span class='ocrx_word' id='word_1_17' title='bbox 294 1530 470 1580; x_wconf 84' lang='lat' dir='ltr'><strong>Prasmonenda</strong></span> <span class='ocrx_word' id='word_1_18' title='bbox 495 1565 1229 1591; x_wconf 89' lang='grc'><strong>..............................</strong></span> <span class='ocrx_word' id='word_1_19' title='bbox 1264 1529 1288 1583; x_wconf 91' lang='lat'><strong>1.</strong></span> 
     </span>
    </p>
   </div>
   <div class='ocr_carea' id='block_1_4' title="bbox 259 1611 1354 1745">
    <p class='ocr_par' dir='ltr' id='par_1_4' title="bbox 259 1611 1354 1745">
     <span class='ocr_line' id='line_1_6' title="bbox 259 1611 1229 1678; baseline 0.001 -17"><span class='ocrx_word' id='word_1_20' title='bbox 259 1611 373 1662; x_wconf 81' lang='lat' dir='ltr'><strong>SECTIO</strong></span> <span class='ocrx_word' id='word_1_21' title='bbox 391 1614 411 1664; x_wconf 95' lang='lat' dir='ltr'><strong>I.</strong></span> <span class='ocrx_word' id='word_1_22' title='bbox 445 1611 580 1678; x_wconf 85' lang='lat' dir='ltr'><strong>Exponitur</strong></span> <span class='ocrx_word' id='word_1_23' title='bbox 597 1613 621 1667; x_wconf 86' lang='lat' dir='ltr'><strong>J.</strong></span> <span class='ocrx_word' id='word_1_24' title='bbox 630 1613 726 1664; x_wconf 77' lang='lat' dir='ltr'><strong>Caluini</strong></span> <span class='ocrx_word' id='word_1_25' title='bbox 742 1613 771 1664; x_wconf 90' lang='lat' dir='ltr'><strong>de</strong></span> <span class='ocrx_word' id='word_1_26' title='bbox 787 1613 894 1663; x_wconf 77' lang='lat' dir='ltr'><strong>Ecclesia</strong></span> <span class='ocrx_word' id='word_1_27' title='bbox 909 1613 1039 1672; x_wconf 85' lang='lat' dir='ltr'><strong>sententia,</strong></span> <span class='ocrx_word' id='word_1_28' title='bbox 1054 1611 1131 1678; x_wconf 87' lang='lat' dir='ltr'><strong>qualis</strong></span> <span class='ocrx_word' id='word_1_29' title='bbox 1145 1629 1158 1662; x_wconf 93' lang='lat' dir='ltr'><strong>e</strong></span> <span class='ocrx_word' id='word_1_30' title='bbox 1173 1613 1229 1662; x_wconf 89' lang='lat' dir='ltr'><strong>acri·</strong></span> 
     </span>
     <span class='ocr_line' id='line_1_7' title="bbox 292 1679 1354 1745; baseline 0.005 -17"><span class='ocrx_word' id='word_1_31' title='bbox 292 1679 342 1744; x_wconf 85' lang='lat' dir='ltr'><strong>ptis</strong></span> <span class='ocrx_word' id='word_1_32' title='bbox 357 1679 434 1745; x_wconf 87' lang='lat' dir='ltr'><strong>ipsius</strong></span> <span class='ocrx_word' id='word_1_33' title='bbox 450 1681 603 1743; x_wconf 80' lang='lat' dir='ltr'>cognoscitur</span> <span class='ocrx_word' id='word_1_34' title='bbox 623 1715 1228 1732; x_wconf 82' lang='grc'><strong>.........................</strong></span> <span class='ocrx_word' id='word_1_35' title='bbox 1264 1682 1354 1734; x_wconf 80' lang='grc'><strong>3-80.</strong></span> 
     </span>
    </p>
   </div>
   <div class='ocr_carea' id='block_1_5' title="bbox 292 1761 1353 1910">
    <p class='ocr_par' dir='ltr' id='par_1_5' title="bbox 292 1761 1353 1910">
     <span class='ocr_line' id='line_1_8' title="bbox 326 1761 1287 1837; baseline 0.004 -27"><span class='ocrx_word' id='word_1_36' title='bbox 326 1761 363 1810; x_wconf 90' lang='lat' dir='ltr'><strong>De</strong></span> <span class='ocrx_word' id='word_1_37' title='bbox 380 1761 499 1820; x_wconf 85' lang='lat' dir='ltr'><strong>fontibus,</strong></span> <span class='ocrx_word' id='word_1_38' title='bbox 517 1763 579 1837; x_wconf 77' lang='lat' dir='ltr'><strong>unde</strong></span> <span class='ocrx_word' id='word_1_39' title='bbox 595 1761 716 1813; x_wconf 72' lang='lat' dir='ltr'><strong>Ecclesiae</strong></span> <span class='ocrx_word' id='word_1_40' title='bbox 733 1761 847 1813; x_wconf 90' lang='lat' dir='ltr'><strong>notitiam</strong></span> <span class='ocrx_word' id='word_1_41' title='bbox 862 1761 1021 1812; x_wconf 74' lang='lat' dir='ltr'><strong>hauriendam</strong></span> <span class='ocrx_word' id='word_1_42' title='bbox 1037 1763 1150 1812; x_wconf 88' lang='lat' dir='ltr'><strong>statuerit</strong></span> <span class='ocrx_word' id='word_1_43' title='bbox 1173 1801 1179 1815; x_wconf 96' lang='lat'><strong>.</strong></span> <span class='ocrx_word' id='word_1_44' title='bbox 1197 1801 1204 1816; x_wconf 95' lang='lat'><strong>.</strong></span> <span class='ocrx_word' id='word_1_45' title='bbox 1221 1799 1228 1814; x_wconf 90' lang='lat'><strong>.</strong></span> <span class='ocrx_word' id='word_1_46' title='bbox 1263 1764 1287 1814; x_wconf 79' lang='lat' dir='ltr'>S.</span> 
     </span>
     <span class='ocr_line' id='line_1_9' title="bbox 292 1842 1353 1910; baseline 0.004 -18"><span class='ocrx_word' id='word_1_47' title='bbox 292 1842 379 1892; x_wconf 73' lang='lat' dir='ltr'><strong>Carus</strong></span> <span class='ocrx_word' id='word_1_48' title='bbox 396 1843 417 1894; x_wconf 86' lang='lat'><strong>1.</strong></span> <span class='ocrx_word' id='word_1_49' title='bbox 452 1843 488 1893; x_wconf 87' lang='lat' dir='ltr'><strong>De</strong></span> <span class='ocrx_word' id='word_1_50' title='bbox 504 1843 624 1893; x_wconf 88' lang='lat' dir='ltr'><strong>Ecclesiae</strong></span> <span class='ocrx_word' id='word_1_51' title='bbox 641 1844 735 1908; x_wconf 73' lang='lat' dir='ltr'><strong>origine</strong></span> <span class='ocrx_word' id='word_1_52' title='bbox 751 1847 822 1910; x_wconf 89' lang='lat' dir='ltr'><strong>atque</strong></span> <span class='ocrx_word' id='word_1_53' title='bbox 838 1843 941 1894; x_wconf 83' lang='lat' dir='ltr'><strong>historia</strong></span> <span class='ocrx_word' id='word_1_54' title='bbox 953 1881 1228 1896; x_wconf 90' lang='grc'><strong>............</strong></span> <span class='ocrx_word' id='word_1_55' title='bbox 1263 1846 1353 1901; x_wconf 80' lang='lat'>5-12.</span> 
     </span>
    </p>
   </div>
   <div class='ocr_carea' id='block_1_6' title="bbox 291 1925 1352 2199">
    <p class='ocr_par' dir='ltr' id='par_1_6' title="bbox 291 1925 1352 2199">
     <span class='ocr_line' id='line_1_10' title="bbox 325 1925 1230 1992; baseline 0.002 -17"><span class='ocrx_word' id='word_1_56' title='bbox 325 1927 379 1987; x_wconf 87' lang='lat'><strong>51.</strong></span> <span class='ocrx_word' id='word_1_57' title='bbox 404 1925 441 1975; x_wconf 89' lang='lat' dir='ltr'><strong>De</strong></span> <span class='ocrx_word' id='word_1_58' title='bbox 464 1926 585 1976; x_wconf 75' lang='lat' dir='ltr'><strong>Ecclesiae</strong></span> <span class='ocrx_word' id='word_1_59' title='bbox 604 1929 707 1978; x_wconf 88' lang='lat' dir='ltr'><strong>auctore.</strong></span> <span class='ocrx_word' id='word_1_60' title='bbox 741 1928 794 1988; x_wconf 79' lang='lat'><strong>52.</strong></span> <span class='ocrx_word' id='word_1_61' title='bbox 819 1927 907 1991; x_wconf 82' lang='lat' dir='ltr'><strong>Aquo</strong></span> <span class='ocrx_word' id='word_1_62' title='bbox 922 1925 979 1976; x_wconf 87' lang='lat' dir='ltr'><strong>inda</strong></span> <span class='ocrx_word' id='word_1_63' title='bbox 998 1929 1105 1992; x_wconf 87' lang='lat' dir='ltr'><strong>tempore</strong></span> <span class='ocrx_word' id='word_1_64' title='bbox 1121 1927 1230 1978; x_wconf 79' lang='lat' dir='ltr'><strong>Ecclesia</strong></span> 
     </span>
     <span class='ocr_line' id='line_1_11' title="bbox 324 1992 1228 2110; baseline 0.002 -68"><span class='ocrx_word' id='word_1_65' title='bbox 324 1992 452 2110; x_wconf 40' lang='lat' dir='ltr'><strong>mitent.</strong></span> <span class='ocrx_word' id='word_1_66' title='bbox 488 1995 500 2055; x_wconf 98' lang='lat'>5</span> <span class='ocrx_word' id='word_1_67' title='bbox 518 1994 542 2044; x_wconf 81' lang='grc'><strong>3.</strong></span> <span class='ocrx_word' id='word_1_68' title='bbox 563 1992 669 2044; x_wconf 87' lang='lat' dir='ltr'><strong>Ubinam</strong></span> <span class='ocrx_word' id='word_1_69' title='bbox 682 1995 715 2044; x_wconf 90' lang='lat' dir='ltr'><strong>sit</strong></span> <span class='ocrx_word' id='word_1_70' title='bbox 727 1993 835 2044; x_wconf 79' lang='lat' dir='ltr'><strong>Ecclesia</strong></span> <span class='ocrx_word' id='word_1_71' title='bbox 848 1993 998 2059; x_wconf 88' lang='lat' dir='ltr'><strong>reperiunda.</strong></span> <span class='ocrx_word' id='word_1_72' title='bbox 1034 1996 1086 2055; x_wconf 91' lang='lat'><strong>54.</strong></span> <span class='ocrx_word' id='word_1_73' title='bbox 1108 1994 1228 2044; x_wconf 86' lang='lat' dir='ltr'><strong>Ecclesiae</strong></span> 
     </span>
     <span class='ocr_line' id='line_1_12' title="bbox 291 2140 1352 2199; baseline 0.007 -10"><span class='ocrx_word' id='word_1_74' title='bbox 291 2141 377 2191; x_wconf 76' lang='lat' dir='ltr'><strong>Curuo</strong></span> <span class='ocrx_word' id='word_1_75' title='bbox 394 2141 430 2193; x_wconf 97' lang='lat' dir='ltr'><strong>II.</strong></span> <span class='ocrx_word' id='word_1_76' title='bbox 463 2141 500 2190; x_wconf 88' lang='lat' dir='ltr'><strong>De</strong></span> <span class='ocrx_word' id='word_1_77' title='bbox 517 2140 638 2191; x_wconf 81' lang='lat' dir='ltr'><strong>Ecclesiae</strong></span> <span class='ocrx_word' id='word_1_78' title='bbox 654 2142 751 2192; x_wconf 88' lang='lat' dir='ltr'><strong>notione</strong></span> <span class='ocrx_word' id='word_1_79' title='bbox 769 2177 925 2194; x_wconf 87' lang='grc'><strong>.......</strong></span> <span class='ocrx_word' id='word_1_80' title='bbox 928 2168 931 2172; x_wconf 92' lang='grc'><em>·</em></span> <span class='ocrx_word' id='word_1_81' title='bbox 944 2177 1225 2196; x_wconf 82' lang='grc'><strong>............</strong></span> <span class='ocrx_word' id='word_1_82' title='bbox 1244 2144 1352 2199; x_wconf 76' lang='grc'><strong>12-36.</strong></span> 
     </span>
    </p>
   </div>
   <div class='ocr_carea' id='block_1_7' title="bbox 322 2221 1227 2824">
    <p class='ocr_par' dir='ltr' id='par_1_7' title="bbox 322 2221 1227 2824">
     <span class='ocr_line' id='line_1_13' title="bbox 325 2221 1227 2290; baseline 0.002 -16"><span class='ocrx_word' id='word_1_83' title='bbox 325 2225 336 2284; x_wconf 90' lang='lat'>5</span> <span class='ocrx_word' id='word_1_84' title='bbox 356 2226 378 2276; x_wconf 92' lang='lat'><strong>1.</strong></span> <span class='ocrx_word' id='word_1_85' title='bbox 404 2222 545 2288; x_wconf 76' lang='lat' dir='ltr'><strong>Quotupliei</strong></span> <span class='ocrx_word' id='word_1_86' title='bbox 573 2239 645 2273; x_wconf 89' lang='lat' dir='ltr'><strong>sensu</strong></span> <span class='ocrx_word' id='word_1_87' title='bbox 670 2223 792 2274; x_wconf 84' lang='lat' dir='ltr'><strong>Ecclesiae</strong></span> <span class='ocrx_word' id='word_1_88' title='bbox 817 2221 960 2273; x_wconf 89' lang='lat' dir='ltr'><strong>vocabulum</strong></span> <span class='ocrx_word' id='word_1_89' title='bbox 985 2223 1015 2272; x_wconf 90' lang='lat' dir='ltr'><strong>ab</strong></span> <span class='ocrx_word' id='word_1_90' title='bbox 1039 2239 1067 2272; x_wconf 92' lang='lat' dir='ltr'><strong>eo</strong></span> <span class='ocrx_word' id='word_1_91' title='bbox 1093 2228 1227 2290; x_wconf 76' lang='lat' dir='ltr'><strong>usurpetur.</strong></span> 
     </span>
     <span class='ocr_line' id='line_1_14' title="bbox 325 2289 1227 2356; baseline 0 -16"><span class='ocrx_word' id='word_1_92' title='bbox 325 2291 376 2350; x_wconf 80' lang='lat'><strong>52.</strong></span> <span class='ocrx_word' id='word_1_93' title='bbox 403 2289 522 2339; x_wconf 86' lang='lat' dir='ltr'><strong>Ecclesiae</strong></span> <span class='ocrx_word' id='word_1_94' title='bbox 546 2289 701 2340; x_wconf 85' lang='lat' dir='ltr'><strong>difinitionea.</strong></span> <span class='ocrx_word' id='word_1_95' title='bbox 737 2291 790 2352; x_wconf 81' lang='lat'><strong>53.</strong></span> <span class='ocrx_word' id='word_1_96' title='bbox 816 2290 937 2354; x_wconf 80' lang='lat' dir='ltr'><strong>Imagines</strong></span> <span class='ocrx_word' id='word_1_97' title='bbox 950 2289 1000 2338; x_wconf 85' lang='lat' dir='ltr'><strong>sive</strong></span> <span class='ocrx_word' id='word_1_98' title='bbox 1016 2291 1117 2354; x_wconf 83' lang='lat' dir='ltr'><strong>figurae,</strong></span> <span class='ocrx_word' id='word_1_99' title='bbox 1140 2291 1227 2356; x_wconf 90' lang='lat' dir='ltr'><strong>quibus</strong></span> 
     </span>
     <span class='ocr_line' id='line_1_15' title="bbox 322 2355 1225 2423; baseline 0.002 -17"><span class='ocrx_word' id='word_1_100' title='bbox 322 2357 442 2407; x_wconf 86' lang='lat' dir='ltr'><strong>Ecclesiae</strong></span> <span class='ocrx_word' id='word_1_101' title='bbox 465 2357 532 2406; x_wconf 92' lang='lat' dir='ltr'><strong>notio</strong></span> <span class='ocrx_word' id='word_1_102' title='bbox 555 2356 699 2407; x_wconf 88' lang='lat' dir='ltr'><strong>illustratur.</strong></span> <span class='ocrx_word' id='word_1_103' title='bbox 735 2359 787 2418; x_wconf 89' lang='lat'><strong>54.</strong></span> <span class='ocrx_word' id='word_1_104' title='bbox 813 2355 921 2406; x_wconf 82' lang='lat' dir='ltr'><strong>Ecclesia</strong></span> <span class='ocrx_word' id='word_1_105' title='bbox 944 2356 1049 2405; x_wconf 86' lang='lat' dir='ltr'><strong>visibilia</strong></span> <span class='ocrx_word' id='word_1_106' title='bbox 1071 2359 1142 2423; x_wconf 88' lang='lat' dir='ltr'><strong>atque</strong></span> <span class='ocrx_word' id='word_1_107' title='bbox 1163 2359 1225 2408; x_wconf 84' lang='lat' dir='ltr'><strong>invi-</strong></span> 
     </span>
     <span class='ocr_line' id='line_1_16' title="bbox 323 2422 1226 2489; baseline 0.002 -17"><span class='ocrx_word' id='word_1_108' title='bbox 323 2423 414 2486; x_wconf 87' lang='lat' dir='ltr'><strong>sibilis,</strong></span> <span class='ocrx_word' id='word_1_109' title='bbox 441 2427 465 2474; x_wconf 92' lang='lat' dir='ltr'><strong>et</strong></span> <span class='ocrx_word' id='word_1_110' title='bbox 487 2427 572 2473; x_wconf 88' lang='lat' dir='ltr'><strong>mutua</strong></span> <span class='ocrx_word' id='word_1_111' title='bbox 597 2424 721 2489; x_wconf 89' lang='lat' dir='ltr'><strong>utriusque</strong></span> <span class='ocrx_word' id='word_1_112' title='bbox 744 2422 774 2472; x_wconf 91' lang='lat' dir='ltr'><strong>ad</strong></span> <span class='ocrx_word' id='word_1_113' title='bbox 794 2423 899 2472; x_wconf 88' lang='lat' dir='ltr'><strong>invicem</strong></span> <span class='ocrx_word' id='word_1_114' title='bbox 922 2422 1014 2472; x_wconf 89' lang='lat' dir='ltr'><strong>relatio.</strong></span> <span class='ocrx_word' id='word_1_115' title='bbox 1050 2425 1103 2484; x_wconf 86' lang='lat'><strong>55.</strong></span> <span class='ocrx_word' id='word_1_116' title='bbox 1130 2424 1226 2474; x_wconf 86' lang='lat' dir='ltr'><strong>Relatio</strong></span> 
     </span>
     <span class='ocr_line' id='line_1_17' title="bbox 322 2489 1226 2554; baseline 0.001 -14"><span class='ocrx_word' id='word_1_117' title='bbox 322 2490 441 2542; x_wconf 86' lang='lat' dir='ltr'><strong>Ecclesiae</strong></span> <span class='ocrx_word' id='word_1_118' title='bbox 455 2491 484 2540; x_wconf 90' lang='lat' dir='ltr'><strong>ed</strong></span> <span class='ocrx_word' id='word_1_119' title='bbox 497 2505 597 2554; x_wconf 82' lang='lat' dir='ltr'><strong>regnum</strong></span> <span class='ocrx_word' id='word_1_120' title='bbox 611 2490 736 2540; x_wconf 89' lang='lat' dir='ltr'><strong>coelorum.</strong></span> <span class='ocrx_word' id='word_1_121' title='bbox 772 2491 825 2550; x_wconf 81' lang='lat'>56</span> <span class='ocrx_word' id='word_1_122' title='bbox 842 2489 962 2539; x_wconf 89' lang='lat' dir='ltr'><strong>Ecclesiae</strong></span> <span class='ocrx_word' id='word_1_123' title='bbox 977 2489 1075 2539; x_wconf 88' lang='lat' dir='ltr'><strong>indoles.</strong></span> <span class='ocrx_word' id='word_1_124' title='bbox 1110 2492 1163 2552; x_wconf 91' lang='lat'><strong>57.</strong></span> <span class='ocrx_word' id='word_1_125' title='bbox 1181 2493 1226 2541; x_wconf 93' lang='lat' dir='ltr'><strong>Ec·</strong></span> 
     </span>
     <span class='ocr_line' id='line_1_18' title="bbox 323 2556 1224 2620; baseline 0.003 -15"><span class='ocrx_word' id='word_1_126' title='bbox 323 2556 409 2607; x_wconf 83' lang='lat' dir='ltr'><strong>clasiae</strong></span> <span class='ocrx_word' id='word_1_127' title='bbox 437 2559 625 2608; x_wconf 44' lang='lat' dir='ltr'><strong>fundamentum</strong></span> <span class='ocrx_word' id='word_1_128' title='bbox 666 2560 677 2619; x_wconf 94' lang='lat'>5</span> <span class='ocrx_word' id='word_1_129' title='bbox 700 2558 723 2606; x_wconf 89' lang='grc'><strong>8</strong></span> <span class='ocrx_word' id='word_1_130' title='bbox 748 2556 840 2616; x_wconf 81' lang='lat' dir='ltr'><strong>Tituli,</strong></span> <span class='ocrx_word' id='word_1_131' title='bbox 868 2556 955 2620; x_wconf 88' lang='lat' dir='ltr'><strong>quibus</strong></span> <span class='ocrx_word' id='word_1_132' title='bbox 983 2557 1090 2606; x_wconf 90' lang='lat' dir='ltr'><strong>Ecclesia</strong></span> <span class='ocrx_word' id='word_1_133' title='bbox 1117 2561 1224 2610; x_wconf 87' lang='lat' dir='ltr'><strong>ornatur.</strong></span> 
     </span>
     <span class='ocr_line' id='line_1_19' title="bbox 324 2595 1224 2690; baseline 0.001 -17"><span class='ocrx_word' id='word_1_134' title='bbox 324 2625 387 2684; x_wconf 84' lang='lat'><strong>59.</strong></span> <span class='ocrx_word' id='word_1_135' title='bbox 395 2625 484 2686; x_wconf 87' lang='lat' dir='ltr'><strong>Notae,</strong></span> <span class='ocrx_word' id='word_1_136' title='bbox 501 2623 588 2690; x_wconf 89' lang='lat' dir='ltr'><strong>quibus</strong></span> <span class='ocrx_word' id='word_1_137' title='bbox 604 2639 659 2673; x_wconf 85' lang='lat' dir='ltr'><strong>vera</strong></span> <span class='ocrx_word' id='word_1_138' title='bbox 675 2622 783 2672; x_wconf 87' lang='lat' dir='ltr'><strong>Ecclesia</strong></span> <span class='ocrx_word' id='word_1_139' title='bbox 800 2637 815 2672; x_wconf 87' lang='lat' dir='ltr'><strong>a</strong></span> <span class='ocrx_word' id='word_1_140' title='bbox 830 2595 889 2672; x_wconf 75' lang='lat' dir='ltr'><strong>lalaa</strong></span> <span class='ocrx_word' id='word_1_141' title='bbox 904 2623 1065 2687; x_wconf 81' lang='lat' dir='ltr'><strong>dignoscatur.</strong></span> <span class='ocrx_word' id='word_1_142' title='bbox 1092 2625 1162 2684; x_wconf 90' lang='lat'>510.</span> <span class='ocrx_word' id='word_1_143' title='bbox 1180 2624 1224 2674; x_wconf 76' lang='lat' dir='ltr'><strong>Ee-</strong></span> 
     </span>
     <span class='ocr_line' id='line_1_20' title="bbox 322 2642 1222 2756; baseline 0.003 -18"><span class='ocrx_word' id='word_1_144' title='bbox 322 2690 406 2741; x_wconf 89' lang='lat' dir='ltr'><strong>clcsiae</strong></span> <span class='ocrx_word' id='word_1_145' title='bbox 431 2693 494 2744; x_wconf 89' lang='lat' dir='ltr'><strong>finis.</strong></span> <span class='ocrx_word' id='word_1_146' title='bbox 501 2642 598 2752; x_wconf 89' lang='lat'>511.</span> <span class='ocrx_word' id='word_1_147' title='bbox 625 2689 830 2740; x_wconf 76' lang='lat' dir='ltr'><strong>Persectissimum</strong></span> <span class='ocrx_word' id='word_1_148' title='bbox 853 2689 974 2740; x_wconf 88' lang='lat' dir='ltr'><strong>Ecclesiae</strong></span> <span class='ocrx_word' id='word_1_149' title='bbox 998 2689 1125 2756; x_wconf 88' lang='lat' dir='ltr'><strong>exemplar.</strong></span> <span class='ocrx_word' id='word_1_150' title='bbox 1160 2691 1222 2741; x_wconf 90' lang='lat' dir='ltr'><strong>Ceu·</strong></span> 
     </span>
     <span class='ocr_line' id='line_1_21' title="bbox 322 2755 604 2824; baseline 0 -18"><span class='ocrx_word' id='word_1_151' title='bbox 322 2755 398 2807; x_wconf 92' lang='lat' dir='ltr'><strong>clusio</strong></span> <span class='ocrx_word' id='word_1_152' title='bbox 417 2758 490 2809; x_wconf 87' lang='lat' dir='ltr'><strong>huius</strong></span> <span class='ocrx_word' id='word_1_153' title='bbox 509 2758 604 2824; x_wconf 86' lang='lat' dir='ltr'><strong>capitia.</strong></span> 
     </span>
    </p>
   </div>
   <div class='ocr_carea' id='block_1_8' title="bbox 289 2837 1347 2907">
    <p class='ocr_par' dir='ltr' id='par_1_8' title="bbox 289 2837 1347 2907">
     <span class='ocr_line' id='line_1_22' title="bbox 289 2837 1347 2907; baseline 0.006 -19"><span class='ocrx_word' id='word_1_154' title='bbox 289 2839 374 2889; x_wconf 79' lang='lat' dir='ltr'><strong>Cacus</strong></span> <span class='ocrx_word' id='word_1_155' title='bbox 391 2841 439 2896; x_wconf 85' lang='lat'>111.</span> <span class='ocrx_word' id='word_1_156' title='bbox 473 2841 510 2890; x_wconf 91' lang='lat' dir='ltr'><strong>De</strong></span> <span class='ocrx_word' id='word_1_157' title='bbox 527 2841 568 2890; x_wconf 83' lang='lat' dir='ltr'><strong>ria</strong></span> <span class='ocrx_word' id='word_1_158' title='bbox 587 2855 615 2890; x_wconf 92' lang='lat' dir='ltr'><strong>ac</strong></span> <span class='ocrx_word' id='word_1_159' title='bbox 631 2839 736 2897; x_wconf 86' lang='lat' dir='ltr'><strong>ratione,</strong></span> <span class='ocrx_word' id='word_1_160' title='bbox 753 2837 838 2903; x_wconf 87' lang='lat' dir='ltr'><strong>quibus</strong></span> <span class='ocrx_word' id='word_1_161' title='bbox 857 2838 964 2888; x_wconf 86' lang='lat' dir='ltr'><strong>Ecclesia</strong></span> <span class='ocrx_word' id='word_1_162' title='bbox 981 2843 1093 2907; x_wconf 86' lang='lat' dir='ltr'><strong>operatur</strong></span> <span class='ocrx_word' id='word_1_163' title='bbox 1115 2876 1221 2899; x_wconf 79' lang='lat'>.....</span> <span class='ocrx_word' id='word_1_164' title='bbox 1240 2840 1347 2894; x_wconf 81' lang='grc'><strong>36-56,</strong></span> 
     </span>
    </p>
   </div>
   <div class='ocr_carea' id='block_1_9' title="bbox 318 2922 1221 3390">
    <p class='ocr_par' dir='ltr' id='par_1_9' title="bbox 318 2922 1221 3390">
     <span class='ocr_line' id='line_1_23' title="bbox 320 2922 1221 2986; baseline 0.002 -15"><span class='ocrx_word' id='word_1_165' title='bbox 320 2923 504 2976; x_wconf 88' lang='lat' dir='ltr'><strong>Praemonenda.</strong></span> <span class='ocrx_word' id='word_1_166' title='bbox 526 2927 538 2986; x_wconf 90' lang='lat'>5</span> <span class='ocrx_word' id='word_1_167' title='bbox 557 2925 580 2974; x_wconf 95' lang='lat'><strong>1.</strong></span> <span class='ocrx_word' id='word_1_168' title='bbox 598 2922 671 2972; x_wconf 83' lang='lat' dir='ltr'><strong>Verbi</strong></span> <span class='ocrx_word' id='word_1_169' title='bbox 679 2923 854 2982; x_wconf 82' lang='lat' dir='ltr'><strong>ministerium,</strong></span> <span class='ocrx_word' id='word_1_170' title='bbox 876 2939 899 2971; x_wconf 85' lang='lat' dir='ltr'><strong>a.</strong></span> <span class='ocrx_word' id='word_1_171' title='bbox 916 2922 1022 2974; x_wconf 85' lang='lat' dir='ltr'><strong>Verbum</strong></span> <span class='ocrx_word' id='word_1_172' title='bbox 1030 2924 1084 2975; x_wconf 92' lang='lat' dir='ltr'><strong>Dei.</strong></span> <span class='ocrx_word' id='word_1_173' title='bbox 1110 2924 1129 2974; x_wconf 85' lang='lat' dir='ltr'><strong>t.</strong></span> <span class='ocrx_word' id='word_1_174' title='bbox 1148 2923 1221 2973; x_wconf 89' lang='lat' dir='ltr'><strong>Verbi</strong></span> 
     </span>
     <span class='ocr_line' id='line_1_24' title="bbox 320 2988 1220 3054; baseline 0.003 -15"><span class='ocrx_word' id='word_1_175' title='bbox 320 2989 577 3042; x_wconf 87' lang='lat' dir='ltr'><strong>diviniministerium.</strong></span> <span class='ocrx_word' id='word_1_176' title='bbox 601 2991 648 3052; x_wconf 82' lang='lat'><strong>52.</strong></span> <span class='ocrx_word' id='word_1_177' title='bbox 666 2989 752 3039; x_wconf 87' lang='lat' dir='ltr'><strong>Cultus</strong></span> <span class='ocrx_word' id='word_1_178' title='bbox 764 2988 901 3039; x_wconf 89' lang='lat' dir='ltr'><strong>celebratio.</strong></span> <span class='ocrx_word' id='word_1_179' title='bbox 925 3006 947 3038; x_wconf 84' lang='lat' dir='ltr'><strong>a.</strong></span> <span class='ocrx_word' id='word_1_180' title='bbox 966 2991 1057 3040; x_wconf 88' lang='lat' dir='ltr'><strong>Preces.</strong></span> <span class='ocrx_word' id='word_1_181' title='bbox 1081 2992 1101 3042; x_wconf 85' lang='lat' dir='ltr'>b.</span> <span class='ocrx_word' id='word_1_182' title='bbox 1119 2989 1220 3054; x_wconf 85' lang='lat' dir='ltr'><strong>Hymni.</strong></span> 
     </span>
     <span class='ocr_line' id='line_1_25' title="bbox 320 3055 1220 3120; baseline 0.001 -14"><span class='ocrx_word' id='word_1_183' title='bbox 320 3071 340 3105; x_wconf 86' lang='lat' dir='ltr'><strong>c.</strong></span> <span class='ocrx_word' id='word_1_184' title='bbox 357 3056 488 3110; x_wconf 80' lang='lat' dir='ltr'><strong>Diesiesti.</strong></span> <span class='ocrx_word' id='word_1_185' title='bbox 515 3058 568 3120; x_wconf 82' lang='lat'><strong>53.</strong></span> <span class='ocrx_word' id='word_1_186' title='bbox 586 3058 791 3106; x_wconf 89' lang='lat' dir='ltr'><strong>Sacramentorum</strong></span> <span class='ocrx_word' id='word_1_187' title='bbox 804 3055 990 3106; x_wconf 81' lang='lat' dir='ltr'><strong>administratio.</strong></span> <span class='ocrx_word' id='word_1_188' title='bbox 1015 3058 1045 3108; x_wconf 87' lang='lat' dir='ltr'><strong>A.</strong></span> <span class='ocrx_word' id='word_1_189' title='bbox 1062 3059 1220 3108; x_wconf 86' lang='lat' dir='ltr'><strong>Sacramenta.</strong></span> 
     </span>
     <span class='ocr_line' id='line_1_26' title="bbox 319 3121 1220 3187; baseline 0.001 -15"><span class='ocrx_word' id='word_1_190' title='bbox 319 3140 343 3172; x_wconf 84' lang='lat' dir='ltr'>o.</span> <span class='ocrx_word' id='word_1_191' title='bbox 360 3123 396 3172; x_wconf 91' lang='lat' dir='ltr'><strong>De</strong></span> <span class='ocrx_word' id='word_1_192' title='bbox 407 3125 564 3174; x_wconf 88' lang='lat' dir='ltr'><strong>Sacramentis</strong></span> <span class='ocrx_word' id='word_1_193' title='bbox 575 3125 600 3173; x_wconf 89' lang='lat' dir='ltr'><strong>in</strong></span> <span class='ocrx_word' id='word_1_194' title='bbox 615 3139 708 3187; x_wconf 86' lang='lat' dir='ltr'><strong>genere.</strong></span> <span class='ocrx_word' id='word_1_195' title='bbox 734 3125 755 3172; x_wconf 82' lang='lat' dir='ltr'>b.</span> <span class='ocrx_word' id='word_1_196' title='bbox 772 3121 809 3170; x_wconf 90' lang='lat' dir='ltr'><strong>Da</strong></span> <span class='ocrx_word' id='word_1_197' title='bbox 820 3121 924 3185; x_wconf 84' lang='lat' dir='ltr'><strong>singulis</strong></span> <span class='ocrx_word' id='word_1_198' title='bbox 939 3125 1103 3175; x_wconf 81' lang='lat' dir='ltr'><strong>sacramentis.</strong></span> <span class='ocrx_word' id='word_1_199' title='bbox 1131 3143 1155 3175; x_wconf 80' lang='lat' dir='ltr'><strong>a.</strong></span> <span class='ocrx_word' id='word_1_200' title='bbox 1173 3125 1220 3173; x_wconf 91' lang='lat' dir='ltr'><strong>Ba·</strong></span> 
     </span>
     <span class='ocr_line' id='line_1_27' title="bbox 318 3189 1220 3252; baseline 0.002 -13"><span class='ocrx_word' id='word_1_201' title='bbox 318 3189 429 3252; x_wconf 87' lang='lat' dir='ltr'><strong>ptismus.</strong></span> <span class='ocrx_word' id='word_1_202' title='bbox 460 3198 490 3252; x_wconf 78' lang='grc' dir='ltr'><strong>β.</strong></span> <span class='ocrx_word' id='word_1_203' title='bbox 508 3193 531 3243; x_wconf 88' lang='lat' dir='ltr'><strong>S.</strong></span> <span class='ocrx_word' id='word_1_204' title='bbox 549 3191 634 3241; x_wconf 75' lang='grc' dir='ltr'><strong>Οοειια.</strong></span> <span class='ocrx_word' id='word_1_205' title='bbox 660 3191 689 3241; x_wconf 88' lang='grc' dir='ltr'><strong>Β.</strong></span> <span class='ocrx_word' id='word_1_206' title='bbox 707 3190 912 3238; x_wconf 84' lang='lat' dir='ltr'><strong>Sacramentorum</strong></span> <span class='ocrx_word' id='word_1_207' title='bbox 926 3190 1111 3242; x_wconf 88' lang='lat' dir='ltr'><strong>administratio.</strong></span> <span class='ocrx_word' id='word_1_208' title='bbox 1138 3208 1161 3241; x_wconf 84' lang='lat' dir='ltr'><strong>c.</strong></span> <span class='ocrx_word' id='word_1_209' title='bbox 1183 3191 1220 3241; x_wconf 88' lang='lat' dir='ltr'><strong>De</strong></span> 
     </span>
     <span class='ocr_line' id='line_1_28' title="bbox 319 3255 1218 3322; baseline 0 -16"><span class='ocrx_word' id='word_1_210' title='bbox 319 3257 475 3308; x_wconf 86' lang='lat' dir='ltr'><strong>Sacramentis</strong></span> <span class='ocrx_word' id='word_1_211' title='bbox 493 3259 520 3308; x_wconf 92' lang='lat' dir='ltr'><strong>in</strong></span> <span class='ocrx_word' id='word_1_212' title='bbox 540 3273 631 3322; x_wconf 82' lang='lat' dir='ltr'><strong>genere.</strong></span> <span class='ocrx_word' id='word_1_213' title='bbox 659 3259 679 3307; x_wconf 84' lang='lat' dir='ltr'>b.</span> <span class='ocrx_word' id='word_1_214' title='bbox 697 3255 843 3320; x_wconf 82' lang='lat' dir='ltr'><strong>Baptismus.</strong></span> <span class='ocrx_word' id='word_1_215' title='bbox 869 3272 889 3306; x_wconf 88' lang='lat' dir='ltr'><strong>c.</strong></span> <span class='ocrx_word' id='word_1_216' title='bbox 906 3256 929 3306; x_wconf 90' lang='lat' dir='ltr'><strong>S.</strong></span> <span class='ocrx_word' id='word_1_217' title='bbox 948 3257 1034 3306; x_wconf 89' lang='lat' dir='ltr'><strong>Coena.</strong></span> <span class='ocrx_word' id='word_1_218' title='bbox 1069 3259 1122 3318; x_wconf 90' lang='lat'><strong>54.</strong></span> <span class='ocrx_word' id='word_1_219' title='bbox 1140 3257 1218 3306; x_wconf 85' lang='lat' dir='ltr'><strong>Disci-</strong></span> 
     </span>
     <span class='ocr_line' id='line_1_29' title="bbox 318 3322 1217 3390; baseline 0.003 -19"><span class='ocrx_word' id='word_1_220' title='bbox 318 3322 398 3388; x_wconf 88' lang='lat' dir='ltr'><strong>plinae</strong></span> <span class='ocrx_word' id='word_1_221' title='bbox 419 3341 483 3376; x_wconf 89' lang='lat' dir='ltr'><strong>usus.</strong></span> <span class='ocrx_word' id='word_1_222' title='bbox 506 3353 539 3362; x_wconf 89' lang='lat'>—</span> <span class='ocrx_word' id='word_1_223' title='bbox 561 3326 629 3374; x_wconf 89' lang='lat' dir='ltr'><strong>Bona</strong></span> <span class='ocrx_word' id='word_1_224' title='bbox 649 3322 824 3374; x_wconf 83' lang='lat' dir='ltr'><strong>Ecclesiastico.</strong></span> <span class='ocrx_word' id='word_1_225' title='bbox 842 3349 876 3359; x_wconf 84' lang='lat'>—</span> <span class='ocrx_word' id='word_1_226' title='bbox 894 3322 1022 3372; x_wconf 82' lang='lat' dir='ltr'><strong>Conclusio</strong></span> <span class='ocrx_word' id='word_1_227' title='bbox 1037 3323 1109 3374; x_wconf 85' lang='lat' dir='ltr'><strong>huius</strong></span> <span class='ocrx_word' id='word_1_228' title='bbox 1127 3323 1217 3390; x_wconf 88' lang='lat' dir='ltr'><strong>cepitis.</strong></span> 
     </span>
    </p>
   </div>
   <div class='ocr_carea' id='block_1_10' title="bbox 285 3402 1342 3470">
    <p class='ocr_par' dir='ltr' id='par_1_10' title="bbox 285 3402 1342 3470">
     <span class='ocr_line' id='line_1_30' title="bbox 285 3402 1342 3470; baseline 0.007 -17"><span class='ocrx_word' id='word_1_229' title='bbox 285 3402 371 3454; x_wconf 77' lang='lat' dir='ltr'><strong>Carus</strong></span> <span class='ocrx_word' id='word_1_230' title='bbox 387 3407 430 3458; x_wconf 88' lang='lat' dir='ltr'><strong>IV.</strong></span> <span class='ocrx_word' id='word_1_231' title='bbox 464 3406 584 3456; x_wconf 79' lang='lat' dir='ltr'><strong>Ecclesiae</strong></span> <span class='ocrx_word' id='word_1_232' title='bbox 604 3405 713 3470; x_wconf 85' lang='lat' dir='ltr'><strong>regimen</strong></span> <span class='ocrx_word' id='word_1_233' title='bbox 736 3440 1216 3458; x_wconf 83' lang='grc'><strong>....................</strong></span> <span class='ocrx_word' id='word_1_234' title='bbox 1234 3405 1342 3462; x_wconf 76' lang='grc'><strong>56-71.</strong></span> 
     </span>
    </p>
   </div>
   <div class='ocr_carea' id='block_1_11' title="bbox 304 3485 1306 3952">
    <p class='ocr_par' dir='ltr' id='par_1_11' title="bbox 304 3485 1306 3952">
     <span class='ocr_line' id='line_1_31' title="bbox 319 3485 1216 3550; baseline 0.003 -15"><span class='ocrx_word' id='word_1_235' title='bbox 319 3487 372 3545; x_wconf 87' lang='lat'><strong>51.</strong></span> <span class='ocrx_word' id='word_1_236' title='bbox 390 3486 507 3550; x_wconf 82' lang='lat' dir='ltr'><strong>Rogimen</strong></span> <span class='ocrx_word' id='word_1_237' title='bbox 524 3486 638 3538; x_wconf 90' lang='lat' dir='ltr'><strong>Coeleste.</strong></span> <span class='ocrx_word' id='word_1_238' title='bbox 673 3489 684 3547; x_wconf 88' lang='lat'>5</span> <span class='ocrx_word' id='word_1_239' title='bbox 703 3486 726 3536; x_wconf 79' lang='lat'><strong>2.</strong></span> <span class='ocrx_word' id='word_1_240' title='bbox 745 3485 794 3536; x_wconf 88' lang='lat' dir='ltr'><strong>Cur</strong></span> <span class='ocrx_word' id='word_1_241' title='bbox 810 3486 876 3535; x_wconf 89' lang='lat' dir='ltr'><strong>Deus</strong></span> <span class='ocrx_word' id='word_1_242' title='bbox 895 3485 1019 3536; x_wconf 89' lang='lat' dir='ltr'><strong>hominum</strong></span> <span class='ocrx_word' id='word_1_243' title='bbox 1034 3485 1168 3537; x_wconf 89' lang='lat' dir='ltr'><strong>ministerio</strong></span> <span class='ocrx_word' id='word_1_244' title='bbox 1189 3487 1216 3538; x_wconf 90' lang='lat' dir='ltr'><strong>in</strong></span> 
     </span>
     <span class='ocr_line' id='line_1_32' title="bbox 315 3551 1215 3618; baseline 0.003 -16"><span class='ocrx_word' id='word_1_245' title='bbox 315 3551 423 3602; x_wconf 85' lang='lat' dir='ltr'><strong>Ecclesia</strong></span> <span class='ocrx_word' id='word_1_246' title='bbox 439 3555 545 3617; x_wconf 79' lang='lat' dir='ltr'><strong>regunda</strong></span> <span class='ocrx_word' id='word_1_247' title='bbox 561 3557 651 3602; x_wconf 89' lang='lat' dir='ltr'><strong>utatur.</strong></span> <span class='ocrx_word' id='word_1_248' title='bbox 687 3554 740 3614; x_wconf 82' lang='lat'><strong>5³.</strong></span> <span class='ocrx_word' id='word_1_249' title='bbox 766 3551 832 3616; x_wconf 75' lang='lat' dir='ltr'><strong>Quot</strong></span> <span class='ocrx_word' id='word_1_250' title='bbox 858 3553 908 3602; x_wconf 92' lang='lat' dir='ltr'><strong>sint</strong></span> <span class='ocrx_word' id='word_1_251' title='bbox 930 3553 1096 3604; x_wconf 88' lang='lat' dir='ltr'><strong>ministrorum</strong></span> <span class='ocrx_word' id='word_1_252' title='bbox 1119 3569 1215 3618; x_wconf 81' lang='lat' dir='ltr'><strong>genera.</strong></span> 
     </span>
     <span class='ocr_line' id='line_1_33' title="bbox 317 3619 1216 3680; baseline 0.003 -12"><span class='ocrx_word' id='word_1_253' title='bbox 317 3621 328 3679; x_wconf 88' lang='lat'>5</span> <span class='ocrx_word' id='word_1_254' title='bbox 350 3621 374 3668; x_wconf 91' lang='lat'><strong>4.</strong></span> <span class='ocrx_word' id='word_1_255' title='bbox 402 3620 571 3670; x_wconf 88' lang='lat' dir='ltr'><strong>Ministrorum</strong></span> <span class='ocrx_word' id='word_1_256' title='bbox 596 3619 689 3670; x_wconf 88' lang='lat' dir='ltr'><strong>electio.</strong></span> <span class='ocrx_word' id='word_1_257' title='bbox 728 3621 739 3680; x_wconf 90' lang='lat'>5</span> <span class='ocrx_word' id='word_1_258' title='bbox 761 3619 783 3668; x_wconf 79' lang='lat'><strong>5.</strong></span> <span class='ocrx_word' id='word_1_259' title='bbox 811 3620 848 3669; x_wconf 91' lang='lat' dir='ltr'><strong>De</strong></span> <span class='ocrx_word' id='word_1_260' title='bbox 866 3619 1032 3670; x_wconf 83' lang='lat' dir='ltr'><strong>ministrorum</strong></span> <span class='ocrx_word' id='word_1_261' title='bbox 1052 3621 1216 3672; x_wconf 86' lang='lat' dir='ltr'><strong>conventibus.</strong></span> 
     </span>
     <span class='ocr_line' id='line_1_34' title="bbox 304 3682 1214 3750; baseline 0.002 -15"><span class='ocrx_word' id='word_1_262' title='bbox 304 3682 327 3746; x_wconf 54' lang='lat'>&#39;5</span> <span class='ocrx_word' id='word_1_263' title='bbox 349 3687 371 3738; x_wconf 85' lang='lat'><strong>6.</strong></span> <span class='ocrx_word' id='word_1_264' title='bbox 391 3685 554 3736; x_wconf 84' lang='lat' dir='ltr'><strong>Ecclesiastioi</strong></span> <span class='ocrx_word' id='word_1_265' title='bbox 569 3685 695 3750; x_wconf 87' lang='lat' dir='ltr'><strong>regiminis</strong></span> <span class='ocrx_word' id='word_1_266' title='bbox 711 3687 823 3749; x_wconf 83' lang='lat' dir='ltr'><strong>potestas.</strong></span> <span class='ocrx_word' id='word_1_267' title='bbox 845 3704 868 3736; x_wconf 85' lang='lat' dir='ltr'><strong>a.</strong></span> <span class='ocrx_word' id='word_1_268' title='bbox 886 3685 955 3734; x_wconf 88' lang='lat' dir='ltr'><strong>Circa</strong></span> <span class='ocrx_word' id='word_1_269' title='bbox 971 3685 1111 3738; x_wconf 90' lang='lat' dir='ltr'><strong>doctrinam.</strong></span> <span class='ocrx_word' id='word_1_270' title='bbox 1135 3689 1155 3736; x_wconf 85' lang='lat' dir='ltr'><strong>b.</strong></span> <span class='ocrx_word' id='word_1_271' title='bbox 1171 3688 1214 3737; x_wconf 86' lang='lat' dir='ltr'><strong>Le-</strong></span> 
     </span>
     <span class='ocr_line' id='line_1_35' title="bbox 315 3751 1306 3816; baseline 0.004 -15"><span class='ocrx_word' id='word_1_272' title='bbox 315 3767 373 3815; x_wconf 83' lang='lat' dir='ltr'><strong>gum</strong></span> <span class='ocrx_word' id='word_1_273' title='bbox 396 3754 553 3803; x_wconf 87' lang='lat' dir='ltr'><strong>ferendarum.</strong></span> <span class='ocrx_word' id='word_1_274' title='bbox 579 3769 599 3803; x_wconf 88' lang='lat' dir='ltr'><strong>c.</strong></span> <span class='ocrx_word' id='word_1_275' title='bbox 620 3751 790 3802; x_wconf 88' lang='lat' dir='ltr'><strong>Iuriedicundi.</strong></span> <span class='ocrx_word' id='word_1_276' title='bbox 826 3752 884 3814; x_wconf 92' lang='lat'><strong>57.</strong></span> <span class='ocrx_word' id='word_1_277' title='bbox 906 3752 1068 3802; x_wconf 85' lang='lat' dir='ltr'><strong>Ecclesiastioi</strong></span> <span class='ocrx_word' id='word_1_278' title='bbox 1088 3754 1214 3816; x_wconf 78' lang='lat' dir='ltr'><strong>regiminis</strong></span> <span class='ocrx_word' id='word_1_279' title='bbox 1303 3781 1306 3788; x_wconf 91' lang='lat'>·</span> 
     </span>
     <span class='ocr_line' id='line_1_36' title="bbox 315 3817 1213 3882; baseline 0.004 -15"><span class='ocrx_word' id='word_1_280' title='bbox 315 3819 398 3870; x_wconf 90' lang='lat' dir='ltr'><strong>officia.</strong></span> <span class='ocrx_word' id='word_1_281' title='bbox 425 3820 563 3871; x_wconf 87' lang='lat' dir='ltr'><strong>Doctorum.</strong></span> <span class='ocrx_word' id='word_1_282' title='bbox 589 3820 723 3869; x_wconf 86' lang='lat' dir='ltr'><strong>Pastorum.</strong></span> <span class='ocrx_word' id='word_1_283' title='bbox 751 3819 881 3870; x_wconf 84' lang='lat' dir='ltr'><strong>Saniorum.</strong></span> <span class='ocrx_word' id='word_1_284' title='bbox 905 3817 1070 3871; x_wconf 86' lang='lat' dir='ltr'><strong>Diacouorum.</strong></span> <span class='ocrx_word' id='word_1_285' title='bbox 1106 3822 1153 3882; x_wconf 86' lang='lat'><strong>58.</strong></span> <span class='ocrx_word' id='word_1_286' title='bbox 1171 3821 1213 3871; x_wconf 90' lang='lat' dir='ltr'><strong>Ec·</strong></span> 
     </span>
     <span class='ocr_line' id='line_1_37' title="bbox 314 3885 1213 3952; baseline 0.006 -19"><span class='ocrx_word' id='word_1_287' title='bbox 314 3885 399 3935; x_wconf 88' lang='lat' dir='ltr'><strong>clasiae</strong></span> <span class='ocrx_word' id='word_1_288' title='bbox 415 3888 539 3951; x_wconf 81' lang='lat' dir='ltr'><strong>regiminis</strong></span> <span class='ocrx_word' id='word_1_289' title='bbox 555 3887 585 3936; x_wconf 89' lang='lat' dir='ltr'><strong>ad</strong></span> <span class='ocrx_word' id='word_1_290' title='bbox 600 3885 732 3936; x_wconf 86' lang='lat' dir='ltr'><strong>Ecclesiam</strong></span> <span class='ocrx_word' id='word_1_291' title='bbox 749 3885 885 3935; x_wconf 82' lang='lat' dir='ltr'><strong>relatio—</strong></span> <span class='ocrx_word' id='word_1_292' title='bbox 899 3886 1026 3936; x_wconf 82' lang='lat' dir='ltr'><strong>Conclusio</strong></span> <span class='ocrx_word' id='word_1_293' title='bbox 1037 3886 1109 3936; x_wconf 88' lang='lat' dir='ltr'><strong>huius</strong></span> <span class='ocrx_word' id='word_1_294' title='bbox 1120 3887 1213 3952; x_wconf 85' lang='lat' dir='ltr'><strong>capitis.</strong></span> 
     </span>
    </p>
   </div>
   <div class='ocr_carea' id='block_1_12' title="bbox 281 3967 1353 4034">
    <p class='ocr_par' dir='ltr' id='par_1_12' title="bbox 281 3967 1353 4034">
     <span class='ocr_line' id='line_1_38' title="bbox 281 3967 1353 4034; baseline 0.007 -18"><span class='ocrx_word' id='word_1_295' title='bbox 281 3967 412 4020; x_wconf 77' lang='lat' dir='ltr'><strong>CarurV.</strong></span> <span class='ocrx_word' id='word_1_296' title='bbox 438 3969 557 4020; x_wconf 88' lang='lat' dir='ltr'><strong>Ecclesiae</strong></span> <span class='ocrx_word' id='word_1_297' title='bbox 570 3984 627 4033; x_wconf 81' lang='lat' dir='ltr'><strong>erga</strong></span> <span class='ocrx_word' id='word_1_298' title='bbox 647 3968 812 4018; x_wconf 85' lang='lat' dir='ltr'><strong>dissentientes</strong></span> <span class='ocrx_word' id='word_1_299' title='bbox 830 3972 854 4019; x_wconf 90' lang='lat' dir='ltr'><strong>et</strong></span> <span class='ocrx_word' id='word_1_300' title='bbox 871 3969 1037 4034; x_wconf 82' lang='lat' dir='ltr'><strong>magistratum</strong></span> <span class='ocrx_word' id='word_1_301' title='bbox 1054 3969 1162 4022; x_wconf 83' lang='lat' dir='ltr'><strong>relatio.</strong></span> <span class='ocrx_word' id='word_1_302' title='bbox 1205 3970 1353 4024; x_wconf 80' lang='lat'>.75-.80.</span> 
     </span>
    </p>
   </div>
   <div class='ocr_carea' id='block_1_13' title="bbox 312 4051 1212 4180">
    <p class='ocr_par' dir='ltr' id='par_1_13' title="bbox 312 4051 1212 4180">
     <span class='ocr_line' id='line_1_39' title="bbox 315 4051 1212 4117; baseline 0.002 -17"><span class='ocrx_word' id='word_1_303' title='bbox 315 4052 361 4111; x_wconf 76' lang='lat'><strong>51.</strong></span> <span class='ocrx_word' id='word_1_304' title='bbox 379 4052 499 4101; x_wconf 87' lang='lat' dir='ltr'><strong>Ecclesiae</strong></span> <span class='ocrx_word' id='word_1_305' title='bbox 515 4067 572 4116; x_wconf 80' lang='lat' dir='ltr'><strong>erga</strong></span> <span class='ocrx_word' id='word_1_306' title='bbox 583 4051 675 4101; x_wconf 73' lang='lat' dir='ltr'><strong>dassen</strong></span> <span class='ocrx_word' id='word_1_307' title='bbox 676 4051 751 4101; x_wconf 87' lang='lat' dir='ltr'><strong>ientes</strong></span> <span class='ocrx_word' id='word_1_308' title='bbox 767 4051 861 4102; x_wconf 88' lang='lat' dir='ltr'><strong>relatio.</strong></span> <span class='ocrx_word' id='word_1_309' title='bbox 891 4053 937 4112; x_wconf 81' lang='lat'><strong>52.</strong></span> <span class='ocrx_word' id='word_1_310' title='bbox 955 4051 1077 4102; x_wconf 87' lang='lat' dir='ltr'><strong>Ecclesiae</strong></span> <span class='ocrx_word' id='word_1_311' title='bbox 1091 4068 1148 4117; x_wconf 86' lang='lat' dir='ltr'><strong>erga</strong></span> <span class='ocrx_word' id='word_1_312' title='bbox 1164 4069 1212 4102; x_wconf 91' lang='lat' dir='ltr'><strong>ma·</strong></span> 
     </span>
     <span class='ocr_line' id='line_1_40' title="bbox 312 4117 549 4180; baseline 0.009 -14"><span class='ocrx_word' id='word_1_313' title='bbox 312 4117 441 4180; x_wconf 80' lang='lat' dir='ltr'><strong>gistratum</strong></span> <span class='ocrx_word' id='word_1_314' title='bbox 457 4119 549 4169; x_wconf 90' lang='lat' dir='ltr'><strong>relatio.</strong></span> 
     </span>
    </p>
   </div>
   <div class='ocr_carea' id='block_1_14' title="bbox 277 4197 1351 4397">
    <p class='ocr_par' dir='ltr' id='par_1_14' title="bbox 277 4197 1351 4397">
     <span class='ocr_line' id='line_1_41' title="bbox 277 4197 1209 4282; baseline 0.005 -35"><span class='ocrx_word' id='word_1_315' title='bbox 277 4197 392 4248; x_wconf 78' lang='lat' dir='ltr'><strong>SEC&#39;l&#39;IO</strong></span> <span class='ocrx_word' id='word_1_316' title='bbox 409 4199 444 4249; x_wconf 94' lang='lat' dir='ltr'><strong>II.</strong></span> <span class='ocrx_word' id='word_1_317' title='bbox 477 4199 654 4278; x_wconf 83' lang='lat' dir='ltr'><strong>ExponiturJ.</strong></span> <span class='ocrx_word' id='word_1_318' title='bbox 672 4200 769 4250; x_wconf 80' lang='lat' dir='ltr'><strong>Caluini</strong></span> <span class='ocrx_word' id='word_1_319' title='bbox 787 4201 816 4250; x_wconf 90' lang='lat' dir='ltr'><strong>de</strong></span> <span class='ocrx_word' id='word_1_320' title='bbox 836 4199 945 4251; x_wconf 85' lang='lat' dir='ltr'><strong>Ecclesia</strong></span> <span class='ocrx_word' id='word_1_321' title='bbox 962 4202 1064 4252; x_wconf 87' lang='lat' dir='ltr'><strong>senten</strong></span> <span class='ocrx_word' id='word_1_322' title='bbox 1057 4217 1094 4262; x_wconf 86' lang='lat' dir='ltr'><strong>ra</strong></span> <span class='ocrx_word' id='word_1_323' title='bbox 1120 4203 1209 4282; x_wconf 81' lang='lat' dir='ltr'><strong>qualis,</strong></span> 
     </span>
     <span class='ocr_line' id='line_1_42' title="bbox 310 4240 1217 4328; baseline 0.007 -14.087"><span class='ocrx_word' id='word_1_324' title='bbox 310 4269 364 4315; x_wconf 91' lang='lat' dir='ltr'><strong>tum</strong></span> <span class='ocrx_word' id='word_1_325' title='bbox 385 4281 398 4314; x_wconf 92' lang='lat' dir='ltr'><strong>e</strong></span> <span class='ocrx_word' id='word_1_326' title='bbox 416 4265 551 4316; x_wconf 89' lang='lat' dir='ltr'><strong>conditione</strong></span> <span class='ocrx_word' id='word_1_327' title='bbox 571 4267 691 4317; x_wconf 87' lang='lat' dir='ltr'><strong>Ecclesiae</strong></span> <span class='ocrx_word' id='word_1_328' title='bbox 715 4267 872 4328; x_wconf 70' lang='lat' dir='ltr'><strong>(teneamus,</strong></span> <span class='ocrx_word' id='word_1_329' title='bbox 899 4269 952 4319; x_wconf 90' lang='lat' dir='ltr'><strong>tum</strong></span> <span class='ocrx_word' id='word_1_330' title='bbox 978 4284 991 4317; x_wconf 94' lang='lat' dir='ltr'><strong>e</strong></span> <span class='ocrx_word' id='word_1_331' title='bbox 1017 4240 1146 4319; x_wconf 81' lang='lat' dir='ltr'><strong>Calvilii&#39;</strong></span> <span class='ocrx_word' id='word_1_332' title='bbox 1138 4287 1165 4320; x_wconf 90' lang='lat' dir='ltr'><strong>m</strong></span> <span class='ocrx_word' id='word_1_333' title='bbox 1190 4285 1217 4320; x_wconf 91' lang='lat' dir='ltr'><strong>ea</strong></span> 
     </span>
     <span class='ocr_line' id='line_1_43' title="bbox 312 4332 1351 4397; baseline 0.007 -16"><span class='ocrx_word' id='word_1_334' title='bbox 312 4332 398 4395; x_wconf 84' lang='lat' dir='ltr'><strong>agendi</strong></span> <span class='ocrx_word' id='word_1_335' title='bbox 418 4333 511 4382; x_wconf 87' lang='lat' dir='ltr'><strong>ratione</strong></span> <span class='ocrx_word' id='word_1_336' title='bbox 531 4335 652 4397; x_wconf 76' lang='lat' dir='ltr'><strong>cognoscit</strong></span> <span class='ocrx_word' id='word_1_337' title='bbox 653 4349 682 4384; x_wconf 89' lang='lat' dir='ltr'><strong>ur</strong></span> <span class='ocrx_word' id='word_1_338' title='bbox 705 4371 1209 4390; x_wconf 88' lang='lat'>.....................</span> <span class='ocrx_word' id='word_1_339' title='bbox 1244 4336 1351 4388; x_wconf 80' lang='lat'>80-98.</span> 
     </span>
    </p>
   </div>
   <div class='ocr_carea' id='block_1_15' title="bbox 311 4413 1284 4472">
    <p class='ocr_par' dir='ltr' id='par_1_15' title="bbox 311 4413 1284 4472">
     <span class='ocr_line' id='line_1_44' title="bbox 311 4413 1284 4472; baseline 0.008 -9"><span class='ocrx_word' id='word_1_340' title='bbox 311 4413 487 4464; x_wconf 88' lang='lat' dir='ltr'><strong>Praemouenda</strong></span> <span class='ocrx_word' id='word_1_341' title='bbox 507 4451 1209 4472; x_wconf 85' lang='lat'>.............................</span> <span class='ocrx_word' id='word_1_342' title='bbox 1245 4419 1284 4469; x_wconf 87' lang='grc'><strong>80.</strong></span> 
     </span>
    </p>
   </div>
   <div class='ocr_carea' id='block_1_16' title="bbox 277 4495 1348 4631">
    <p class='ocr_par' dir='ltr' id='par_1_16' title="bbox 277 4495 1339 4631">
     <span class='ocr_line' id='line_1_45' title="bbox 277 4495 1207 4566; baseline 0.004 -20"><span class='ocrx_word' id='word_1_343' title='bbox 277 4495 362 4546; x_wconf 70' lang='lat' dir='ltr'><strong>CAPUT</strong></span> <span class='ocrx_word' id='word_1_344' title='bbox 379 4496 400 4547; x_wconf 93' lang='lat' dir='ltr'><strong>I.</strong></span> <span class='ocrx_word' id='word_1_345' title='bbox 435 4495 507 4546; x_wconf 86' lang='lat' dir='ltr'><strong>Ratio</strong></span> <span class='ocrx_word' id='word_1_346' title='bbox 522 4496 684 4548; x_wconf 87' lang='lat' dir='ltr'><strong>Ecclesiastici</strong></span> <span class='ocrx_word' id='word_1_347' title='bbox 695 4497 837 4558; x_wconf 87' lang='lat' dir='ltr'><strong>ministerii,</strong></span> <span class='ocrx_word' id='word_1_348' title='bbox 855 4499 933 4565; x_wconf 90' lang='lat' dir='ltr'><strong>qualis</strong></span> <span class='ocrx_word' id='word_1_349' title='bbox 944 4499 1082 4566; x_wconf 86' lang='lat' dir='ltr'><strong>reperitur</strong></span> <span class='ocrx_word' id='word_1_350' title='bbox 1075 4517 1101 4551; x_wconf 88' lang='lat' dir='ltr'><strong>rn</strong></span> <span class='ocrx_word' id='word_1_351' title='bbox 1111 4500 1207 4553; x_wconf 84' lang='lat' dir='ltr'><strong>libello:</strong></span> 
     </span>
     <span class='ocr_line' id='line_1_46' title="bbox 311 4536 1348 4631; baseline 0.002 -17"><span class='ocrx_word' id='word_1_352' title='bbox 311 4563 478 4614; x_wconf 84' lang='lat' dir='ltr'><strong>Ordonuancea</strong></span> <span class='ocrx_word' id='word_1_353' title='bbox 500 4562 696 4631; x_wconf 84' lang='lat' dir='ltr'><strong>Ecole&#39;siastiqueo</strong></span> <span class='ocrx_word' id='word_1_354' title='bbox 712 4565 742 4615; x_wconf 89' lang='lat' dir='ltr'><strong>de</strong></span> <span class='ocrx_word' id='word_1_355' title='bbox 763 4536 858 4617; x_wconf 70' lang='lat' dir='ltr'><strong>(lentie</strong></span> <span class='ocrx_word' id='word_1_356' title='bbox 874 4603 1206 4621; x_wconf 89' lang='lat'>..............</span> <span class='ocrx_word' id='word_1_357' title='bbox 1241 4567 1348 4617; x_wconf 82' lang='lat'>82-86.</span> 
     </span>
    </p>
   </div>
   <div class='ocr_carea' id='block_1_17' title="bbox 0 0 1618 5102">
    <p class='ocr_par' dir='ltr' id='par_1_17' title="bbox 0 0 1618 5102">
     <span class='ocr_line' id='line_1_47' title="bbox 0 0 1618 5102; baseline 0 0"><span class='ocrx_word' id='word_1_358' title='bbox 0 0 1618 5102; x_wconf 95' lang='lat' dir='ltr'><strong> </strong></span> 
     </span>
    </p>
   </div>
  </div>
 </body>
</html>
