3228 5102
745 301 786 364 29

200 498 302 560 iluunt
323 498 470 581 rivulil);
491 499 606 560 —scd
634 500 698 580 ipse
728 519 783 562 nos
809 501 914 570 docet,
940 499 1091 579 quomodo
1113 499 1181 559 sint.
1196 516 1231 558 ea
1253 497 1334 560 inter

200 622 232 663 se
254 603 409 672 rimanda,
435 603 487 663 ubi
509 603 598 664 dicit:
631 605 771 684 »proprie
801 602 933 686 (quiden)
958 603 1080 665 unicum
1102 602 1334 664 fundamentum

201 706 375 767 »Christum
404 725 485 776 esse,
515 707 567 768 sed
597 709 629 768 in
658 706 777 768 Christo
805 707 892 768 lundi
917 705 1079 768 Ecclesiam
1103 725 1156 786 per
1178 707 1333 768 doetrinae

201 810 477 890 »praedicationem
489 811 542 892 ³).’'
582 809 715 872 Ecclesia
736 831 797 872 una
819 820 882 881 cst,
903 810 1171 889 »quandoquidem
1189 810 1220 869 iu
1243 828 1333 870 unam

201 915 357 975 »divinam
385 914 541 976 doctrinae
563 915 724 976 veritatem
753 915 905 976 consentit
923 914 981 996 θ),”
1013 933 1094 974 »una
1124 912 1235 973 Christi
1265 913 1334 975 doc·

201 1019 302 1079 »trina
324 1019 463 1099 colligata
482 1019 531 1101 7).”
573 1017 627 1080 »Si
650 1006 766 1102 (ἐρίων)
780 1018 932 1080 Ecclesiae
944 1019 1176 1080 fundamentum
1198 1026 1243 1077 est
1263 1016 1333 1078 Pro·

201 1121 383 1202 »phalarum
399 1131 430 1183 et
446 1122 658 1202 Apostolorum
674 1125 825 1194 doctrina,
841 1124 923 1184 illam
940 1124 1024 1192 tolle,
1041 1122 1192 1201 quomodo
1209 1122 1335 1201 amplius

201 1225 394 1287 »aedificium
420 1227 590 1288 constabit?
633 1226 760 1289 Corruat
789 1245 863 1306 ergo
891 1225 1023 1286 Ecclesia
1046 1243 1168 1286 necesse
1191 1234 1253 1294 est,
1281 1223 1333 1284 ubi

201 1329 378 1390 »intercidit
406 1349 442 1390 ea
470 1332 633 1411 religiones
662 1351 792 1400 summa,
823 1349 899 1411 quae
929 1331 990 1391 sola
1017 1349 1083 1390 eam
1105 1328 1262 1389 continere
1283 1346 1333 1408 po·

200 1441 283 1493 »test
300 1432 350 1514 8).”
392 1433 510 1514 Optime
532 1435 607 1496 hacc
637 1437 737 1496 omnia
767 1445 940 1514 congruunt
967 1452 1035 1494 cum
1059 1433 1111 1502 iia,
1140 1451 1216 1511 quae
1244 1449 1334 1511 supra

200 1536 259 1596 iam
286 1535 473 1596 monuimus:
502 1554 606 1596 omnes
634 1536 673 1596 ad
702 1555 795 1597 unum
821 1537 853 1596 in
875 1535 1006 1596 eundem
1029 1534 1166 1596 ordinem
1188 1533 1271 1614 cogi,
1299 1543 1334 1593 ut

200 1639 302 1701 divina
323 1639 500 1699 imbuantur
521 1639 659 1700 doctrina
678 1640 716 1720 ll:
752 1638 810 1700 Ubi
832 1640 913 1700 enim
936 1657 1039 1699 omncs
1060 1639 1092 1698 in
1110 1656 1204 1698 unum
1223 1655 1334 1718 cogun-

199 1753 264 1812 tur,
289 1752 324 1803 ut
352 1743 534 1812 doceantur,
563 1744 755 1804 manifestum
784 1761 849 1804 csse
879 1743 1001 1824 opinor,
1029 1741 1177 1802 doctrinae
1197 1759 1249 1802 eos
1270 1741 1334 1804 vin·

199 1847 267 1906 culo
288 1864 354 1906 esse
376 1848 457 1906 inter
478 1865 509 1907 se
534 1847 726 1908 coadunatos.

241 1947 270 2008 Si
297 1968 371 2030 ergo
390 1949 538 2014 obiective¹
557 1950 689 2011 doctrino
706 1949 858 2011 Ecclesiae
877 1949 1109 2010 tundamentum
1127 1949 1257 2029 positum
1275 1957 1334 2017 est,

198 2071 247 2113 res
276 2054 340 2132 ipsa
368 2054 505 2133 loquitur
532 2054 680 2115 doctrinae
708 2053 756 2114 illi
779 2053 951 2133 praestitam
979 2053 1064 2133 fidem
1085 2054 1240 2114 vinculum
1269 2071 1334 2114 csse

199 2157 416 2227 subiectivum,
445 2158 526 2237 quod
555 2158 635 2218 idem
658 2157 714 2218 sibi
737 2157 868 2219 voluisse
890 2157 1013 2218 videtur
1034 2155 1187 2225 Calvinus,
1217 2155 1269 2216 ubi
1291 2155 1335 2216 di·

199 2261 254 2320 cit:
287 2259 389 2320 »Deus
411 2259 482 2321 fidei
501 2261 622 2322 vinculo
640 2259 803 2322 Ecclesiam
822 2260 1004 2322 coadunavit
1023 2259 1085 2341 ¹⁰).''
1117 2259 1208 2320 Fides
1233 2267 1336 2319 autem

199 2364 277 2444 apud
306 2382 376 2424 eum
409 2375 511 2425 »certa
534 2375 581 2424 est
609 2364 839 2444 comprehensio
868 2365 1100 2445 promissionum
1122 2362 1176 2424 Dei
1196 2362 1265 2444 11)·“’,
1286 2364 1335 2424 vel

199 2467 280 2544 quod
301 2468 482 2528 tantundem
504 2469 600 2538 valet,
633 2467 776 2529 »divinae
805 2488 877 2549 erga
902 2487 957 2529 nos
980 2467 1143 2530 voluntatis
1164 2467 1273 2528 notitia
1295 2485 1333 2527 cx

199 2571 287 2630 »eius
315 2571 409 2632 verbo
438 2581 578 2652 percepta
598 2572 667 2654 ¹²);”
703 2592 792 2652 quam
828 2572 920 2634 fidem
948 2574 999 2634 ille
1028 2573 1149 2632 demum
1179 2580 1332 2650 praestare

201 2684 357 2743 censetur,
386 2676 438 2754 qui
460 2687 583 2757 paratus
603 2686 649 2736 est
682 2677 826 2737 »veritati
849 2675 903 2736 Dei
924 2676 1114 2737 subscribere
1136 2676 1269 2754 quotics,
1301 2683 1333 2734 et

201 2779 367 2858 »quicquid
388 2789 420 2840 et
442 2797 623 2860 quocunque
644 2781 735 2841 modo
755 2781 891 2860 loquitur
910 2780 971 2863 13).”

441 2941 463 3024 p
483 2944 511 3003 8.
556 2941 660 3013 Tituli,
681 2943 782 3024 quibus
803 2941 935 3003 Ecclesia
955 2949 1085 3004 ornatur.

241 3087 321 3149 Haec
342 3099 444 3151 autem
463 3089 610 3160 Ecclesia,
632 3111 649 3151 e
669 3101 771 3153 mente
793 3091 924 3162 Caluini,
945 3102 1053 3153 natura
1075 3110 1128 3152 sua
1150 3100 1207 3152 est:

240 3194 283 3253 l⁰.
315 3193 489 3254 Necessario
520 3193 559 3253 od
587 3194 723 3263 salutem,
755 3193 1000 3273 quandoquidem
1036 3203 1143 3254 »extra
1172 3193 1237 3253 eius
1265 3210 1331 3272 gre·

199 3297 293 3358 mium
316 3299 399 3358 nulla
418 3307 464 3358 est
486 3298 633 3378 speranda
655 3307 846 3378 peccatorum
862 3297 1014 3366 remissio,
1036 3315 1092 3358 nec
1109 3297 1170 3357 ulla
1187 3295 1331 3377 salus1),’.’
1357 3303 1413 3354 ,A

240 3483 260 3545 11)
278 3485 338 3535 Inst.
356 3483 398 3535 IV.
416 3485 439 3536 2.
457 3485 480 3535 6.
506 3484 645 3550 Desumpsit
661 3484 719 3534 haec
734 3499 747 3533 a
762 3483 847 3534 libello
864 3496 985 3533 curarum
1003 3483 1053 3543 „de
1068 3485 1222 3550 simplicitate
1231 3485 1330 3550 praela·
1410 3485 1416 3499 “

200 3570 288 3627 torum,
310 3569 339 3616 ut
358 3567 482 3618 annotavit
502 3569 529 3618 in
550 3569 656 3633 margine
678 3567 757 3630 Cala,
779 3568 820 3633 qui
836 3570 917 3617 tamen
932 3565 1006 3630 vulgo
1023 3571 1048 3617 et
1064 3567 1151 3616 melius
1170 3567 1220 3625 „de
1236 3568 1330 3619 unitata

200 3649 363 3707 „Ecclesiae”
379 3651 530 3711 inscribitur,
548 3668 598 3716 cap.
615 3653 645 3704 V.

239 3730 259 3792 5)
280 3732 365 3782 Comm.
381 3732 416 3782 od
430 3733 489 3797 Elei.
507 3732 541 3785 II.
559 3734 600 3783 20.
700 3736 720 3797 6)
738 3736 799 3784 Inst.
817 3733 859 3784 IV.
878 3734 901 3784 1.
919 3733 942 3784 9.

240 3811 260 3875 7)
279 3815 351 3879 Resp.
368 3814 403 3864 od
418 3826 506 3865 aanor..
524 3815 591 3866 Tom.
609 3815 679 3867 VIII.
698 3817 759 3866 108Ι
776 3816 806 3866 ci.
823 3815 884 3866 [mc.
901 3813 945 3864 IV.
963 3814 987 3865 2.
1004 3814 1027 3865 ὅ.

239 3893 260 3958 ⁸)
278 3897 339 3947 Inrt.
357 3896 399 3949 IV.
418 3898 440 3949 2.
459 3899 482 3948 1.
497 3899 527 3947 ci.
544 3897 577 3948 ib.
592 3898 613 3950 I.
629 3899 652 3952 7.
672 3898 699 3960 2,
717 3898 746 3958 3,
763 3899 793 3957 t;
811 3897 845 3947 ad
860 3897 945 3961 oernp.
959 3896 1045 3962 quand.
1056 3896 1122 3951 Tom.
1134 3897 1205 3950 VIII.
1221 3912 1245 3962 p.
1260 3894 1329 3957 stab,

199 3980 223 4026 et
240 3977 270 4027 de
286 3982 386 4028 acerna
402 3979 449 4028 Dei
460 3979 547 4044 praed.
564 3979 631 4031 'l'om
648 3978 720 4030 VIII.
736 3995 760 4044 p.
779 3979 847 4029 616³.

240 4059 306 4121 nu.
325 4062 336 4122 s
354 4061 378 4111 o.

229 4139 260 4203 ¹⁰)
278 4141 404 4193 Proetiae
422 4144 479 4194 [oet.
499 4142 547 4194 III.
566 4142 590 4196 7.
612 4144 642 4195 ci.
664 4144 746 4194 Proet.
768 4145 794 4194 in
817 4145 906 4195 Esset.
924 4143 975 4195 XX.
997 4142 1038 4192 40.
1060 4144 1085 4192 et
1106 4157 1189 4209 porro;
1209 4145 1288 4210 praet.
1304 4144 1330 4196 itt

200 4225 247 4275 Ier.
265 4224 321 4276 VII.
340 4224 385 4285 223
401 4226 430 4276 X.
449 4226 493 4285 11,
511 4225 604 4288 XXIII.
623 4227 654 4276 98
673 4229 697 4276 et
713 4227 783 4278 Hom.
800 4229 826 4277 in
845 4229 858 4276 1
877 4227 940 4277 Sam.
958 4225 1003 4290 Op.
1020 4225 1087 4276 nom.
1105 4225 1140 4278 ΙΙ.
1158 4242 1181 4292 p.
1198 4227 1252 4280 49¹.

228 4307 260 4370 ¹¹)
279 4307 324 4372 Ep.
344 4308 409 4358 Calo.
427 4309 472 4373 Op.
489 4309 556 4360 Tam.
574 4307 631 4360 be.
648 4324 672 4374 p.
691 4309 759 4360 253³.

228 4390 259 4452 ¹²)
279 4392 338 4440 lust.
356 4389 403 4442 III.
423 4391 446 4442 9.
465 4391 488 4440 6.
506 4391 536 4442 ci.
553 4391 622 4442 Hom.
640 4393 666 4441 in
683 4392 697 4441 1
716 4393 779 4444 Sam.
797 4391 864 4441 Tom.
881 4389 916 4440 II.
934 4407 957 4456 p.
976 4388 1020 4440 99α
1037 4391 1062 4440 et
1079 4390 1147 4441 208⁸.

227 4471 260 4535 13)
279 4475 339 4523 last.
356 4471 406 4522 III.
425 4473 447 4524 2.
466 4471 489 4524 7.

239 4554 260 4616 ¹)
278 4554 339 4604 [nst.
356 4553 399 4607 IV.
418 4555 441 4608 1.
459 4555 484 4606 t.
501 4553 531 4606 oi.
548 4554 606 4606 Ant.
623 4555 678 4608 ado.
688 4555 745 4621 fac.
764 4556 844 4608 Pteol.
860 4555 942 4611 Paris.
958 4554 1026 4606 Tam.
1042 4551 1113 4606 v111.
1130 4568 1155 4618 p.
1173 4550 1244 4608 1991»,

1301 4641 1319 4670 O
