3228 5102
748 321 787 380 {9

202 514 268 575 »tio
291 523 324 575 et
343 516 528 578 consociatio
540 517 597 600 11’)”
619 537 680 580 non
698 521 781 600 pium
793 522 922 602 amplius
936 533 1040 585 votum
1059 525 1133 595 erit,
1155 524 1334 594 scdres-t

202 637 291 696 quam
309 619 437 681 idealem
456 622 661 684 conditionem
679 623 775 686 donec
797 627 909 689 frustra
931 629 1064 708 quaeris,
1085 630 1223 691 divinare
1244 627 1334 689 liceat

201 721 368 803 faustisque
390 725 541 787 ominibus
563 725 713 789 Ecclesiae
738 731 906 810 perlectum
928 734 1080 812 prosequi,
1102 733 1186 794 nefas
1210 733 1271 794 erit
1288 739 1333 790 ta·

201 843 271 887 men
293 828 388 890 invita
410 831 527 891 ratione
549 842 640 912 atque
662 835 866 913 experientia,
892 837 1013 908 adesse,
1045 839 1127 916 qnod
1149 837 1249 905 abest,
1274 843 1334 894 sta·

201 939 296 990 tuere.
339 931 443 1011 Neque
465 934 621 996 Calvinum
642 937 760 998 felicius
778 939 902 1018 scyllam
923 941 1098 1020 enavigasse
1116 957 1133 1000 e
1152 938 1333 1020 praeceden-

201 1033 283 1094 tibus
302 1035 359 1094 iam
379 1047 515 1116 apparet,
534 1039 615 1119 quod
633 1041 731 1101 levius
750 1059 822 1103 sane
840 1043 1012 1114 serendum,
1027 1045 1086 1104 nisi
1105 1041 1193 1104 alteri
1212 1058 1333 1122 quoque

201 1139 323 1216 scopulo
344 1141 540 1219 impinnisset.
583 1143 747 1216 Nimirum,
776 1165 870 1226 quum
899 1148 979 1229 apud
1000 1158 1118 1209 ceteros
1139 1149 1178 1209 ad
1199 1145 1333 1208 invisibi-

201 1240 261 1301 lem
279 1240 443 1305 Ecclesiam
465 1246 573 1307 eodem
595 1267 713 1328 semper
735 1268 801 1310 sese
823 1251 976 1312 reserabat
998 1253 1090 1313 modo
1112 1251 1251 1321 visibilis,
1273 1263 1335 1328 quo

201 1345 291 1406 realis
309 1347 435 1427 perfecti
453 1350 609 1411 cuiusdam
628 1353 774 1432 apparitio
792 1355 830 1414 ad
848 1355 1016 1434 perlectum
1035 1356 1110 1416 illud
1132 1356 1247 1435 ipsam,
1267 1350 1334 1412 nul-

201 1449 263 1510 lum
293 1451 399 1511 saltem
427 1453 509 1513 inter
536 1463 697 1534 utramque
726 1457 935 1518 intercedebat
967 1459 1129 1519 discrimen
1158 1458 1335 1518 fundamen·

203 1554 279 1624 tale,
312 1556 448 1634 adeoque
480 1558 512 1618 in
545 1559 609 1618 dies
641 1561 737 1640 magis
769 1563 821 1621 illo
848 1563 1020 1622 discrimine
1050 1562 1180 1631 sublato,
1217 1560 1335 1638 assequi

203 1657 328 1719 alteram
360 1661 455 1720 altera
487 1661 654 1723 lentissime
687 1673 819 1743 poterat,
851 1667 905 1726 sed
937 1676 968 1727 et
1000 1667 1175 1726 certissime.
1223 1663 1336 1725 Similis

203 1763 302 1823 exitus
334 1763 457 1826 Calvino
489 1783 550 1825 non
586 1767 727 1846 patebat,
760 1769 982 1848 reprobationis
1014 1770 1156 1849 dogmate
1192 1768 1220 1828 ei
1252 1783 1336 1846 prae·

203 1867 311 1927 clusus.
353 1867 494 1939 Etenim,
527 1871 551 1930 si
578 1869 741 1931 Ecclesiam
763 1872 890 1933 definias
911 1891 1020 1954 corpus
1052 1873 1232 1940 electorum,
1263 1886 1338 1948 quos

202 1969 282 2031 Deus
314 1971 352 2031 ad
378 1973 470 2032 vitam
507 1973 661 2034 aeternam
690 1976 942 2054 praedestinavit,
978 1977 1105 2038 visibilis
1133 1973 1266 2034 Ecclesia
1299 1971 1338 2033 ad

204 2091 271 2134 eam
302 2075 544 2154 perlectitndinis
575 2087 687 2138 metam
720 2080 877 2158 perveniet
909 2095 1074 2160 nosquam,
1109 2088 1159 2148 ut,
1194 2077 1276 2157 quod
1304 2075 1337 2135 in

203 2176 336 2239 Ecclesia
365 2180 509 2240 invisibili
535 2182 581 2240 sui
603 2191 720 2261 prostat
742 2185 896 2263 exemplar
917 2184 1185 2264 perfectissimum,
1207 2181 1338 2260 attingat

203 2282 352 2361 perfecte,
374 2284 431 2342 nisi
453 2285 603 2345 rationem
625 2285 778 2356 invenias,
800 2305 859 2366 qua
882 2299 934 2346 ant
956 2303 1075 2357 omnes,
1098 2287 1150 2366 qui
1176 2286 1208 2345 in
1237 2281 1338 2343 Eccle-

204 2387 247 2446 sia
268 2387 380 2447 visibili
401 2387 537 2447 membra
560 2389 709 2468 adscripta
730 2400 817 2459 snat,
846 2391 878 2450 in
900 2392 1069 2453 electorum
1089 2390 1210 2451 turbam
1231 2385 1338 2466 recipi·

205 2498 311 2559 antur,
344 2500 395 2550 ant
428 2492 589 2552 eiiciantur
617 2509 654 2552 ex
682 2491 833 2554 Ecclesiae
862 2496 1006 2556 societate
1036 2495 1074 2555 ad
1101 2511 1195 2554 unum
1218 2508 1338 2560 omnes,

205 2611 279 2672 qnos
311 2594 485 2674 reprobavit
517 2593 604 2656 Deus.
647 2592 734 2656 Prius
766 2597 842 2657 illud
874 2599 958 2659 nullo
990 2608 1077 2679 pacto
1106 2597 1160 2657 liet
1188 2609 1338 2674 unquam,

204 2699 286 2778 qnod
318 2699 426 2761 electio
455 2721 471 2762 a
500 2703 564 2761 solo
593 2699 646 2760 llei
679 2699 884 2780 beneplacito,
916 2721 977 2762 non
1003 2712 1105 2762 autem
1134 2721 1150 2762 a
1179 2699 1338 2760 hominum

203 2803 361 2863 voluntate
382 2803 504 2883 pendet.
547 2801 626 2862 Audi
655 2821 724 2863 aum
750 2803 985 2883 respondentem
1008 2797 1221 2884 querentibus:
1250 2814 1338 2860 »esse

205 2906 337 2986 rigitur,
365 2927 420 2967 cur
444 2925 512 2967 cum
536 2905 598 2966 Deo
626 2907 820 2986 expostulent
847 2907 1000 2977 homines,
1022 2907 1147 2967 sinodo
1166 2901 1239 2966 Eius
1262 2902 1339 2963 arbi·

204 3011 286 3070 atrio
314 3010 389 3070 eitra
419 3011 572 3090 proprium
600 3011 744 3070 meritum
773 3012 804 3070 in
833 2995 988 3072 aeternam
1016 3021 1146 3072 mortem
1176 3002 1339 3089 praedesti·

204 3124 348 3174 anantnr.
381 3112 570 3183 Eiusmodi,”
588 3113 703 3192 inquit,
726 3115 996 3194 »cogitationibus
1018 3116 1042 3173 si
1065 3113 1187 3194 qnando
1208 3112 1265 3191 piis
1285 3110 1339 3170 ho·

204 3218 358 3278 »minibus
386 3220 417 3278 in
446 3229 581 3279 mentem
609 3219 749 3287 veniant,
778 3219 816 3279 ad
845 3218 1027 3298 frangendos
1049 3233 1156 3276 eorum
1176 3215 1340 3294 impulsus,

203 3323 276 3382 uvel
296 3320 355 3382 hoc
376 3339 438 3381 uno
460 3324 532 3382 satis
554 3323 752 3383 armabuntur
773 3323 797 3382 si
820 3333 978 3402 reputent,
1007 3320 1138 3400 quantae
1168 3320 1207 3379 sit
1231 3317 1340 3398 impro-

205 3424 332 3484 »bitatis
365 3445 485 3486 causam
518 3426 638 3486 divinae
667 3426 833 3486 voluntatis
860 3427 1008 3486 duntaxat
1029 3424 1218 3505 percontari,
1247 3437 1340 3502 quum

206 3528 379 3596 somnium,
412 3545 489 3606 quae
518 3539 605 3597 sunt,
636 3529 700 3608 ipse
729 3531 769 3588 sit
798 3547 902 3598 cansa,
931 3539 962 3589 et
991 3529 1101 3588 merito
1129 3543 1195 3587 esse
1221 3526 1339 3586 debeat.

206 3629 314 3691 »Adeo
335 3631 417 3690 enlm
439 3649 554 3692 summa
576 3641 623 3692 est
645 3633 778 3692 iustitiae
800 3633 905 3712 regula
934 3630 988 3692 Dei
1010 3632 1167 3699 voluntas,
1195 3639 1229 3688 nt
1258 3629 1340 3708 quic·
1402 3676 1404 3681 .

206 3733 316 3814 aquid,
338 3753 374 3794 eo
393 3733 458 3814 ipso
476 3735 557 3813 qnod
576 3736 653 3803 vult,
675 3733 788 3795 iustum
806 3736 981 3796 habendum
1000 3736 1047 3796 sit.
1080 3733 1137 3796 Ubi
1159 3751 1232 3813 ergo
1250 3751 1340 3811 quae·

206 3838 322 3907 vritur,
345 3855 399 3898 cnr
421 3839 463 3898 ita
485 3838 591 3899 lecerit
614 3837 709 3908 Deus,
731 3839 977 3918 respondendnm
999 3849 1060 3908 cst,
1081 3839 1151 3916 quia
1170 3837 1267 3897 voluit
1280 3833 1341 3915 ¹⁰).’'

205 3939 292 4001 Unde
321 3943 394 4002 satis
423 3960 572 4023 superque
601 3943 766 4012 evincitur,
794 3942 952 4002 hominum
975 3942 1006 4002 in
1036 3959 1071 4002 ea
1100 3959 1134 4001 re
1156 3947 1342 4000 conatusne

207 4043 359 4105 tantillum
381 4047 505 4126 quidem
526 4037 644 4114 valere,
673 4046 809 4125 adeoque
839 4065 877 4106 ne
906 4047 954 4107 vel
984 4044 1187 4124 quamtumvis
1209 4041 1342 4110 assidua,

206 4159 324 4228 purast
346 4149 377 4207 in
400 4165 454 4207 sno
476 4165 588 4227 genere
609 4148 742 4227 perlecta
764 4147 841 4207 oerbt'
859 4147 1052 4226 praedicatio,
1073 4164 1172 4226 neque
1196 4154 1342 4224 perpetua

207 4260 238 4310 et
267 4250 305 4311 ad
334 4248 445 4309 Christi
474 4249 649 4309 mandatnm
674 4247 814 4309 instituta
839 4246 1090 4309 sacramentorum
1112 4246 1341 4316 administratio,

236 4497 268 4561 ¹⁸)
286 4505 388 4556 emano,
407 4496 437 4546 de
453 4493 537 4562 (apicib
553 4494 574 4544 Ι.
591 4495 633 4544 41.

237 4579 270 4644 ¹⁰)
286 4581 348 4634 Iuet.
365 4577 415 4630 111.
433 4578 474 4629 28.
492 4577 516 4627 2.
533 4577 563 4629 ei.
579 4574 629 4628 ΠΙ.
646 4575 690 4634 28,
709 4576 737 4635 t,
755 4577 779 4630 6.
