3240 5100
819 284 877 343 llS

280 486 476 550 admittendis
508 487 598 548 sociis
624 486 788 566 diligenter
816 483 1116 564 circumspiciendum
1147 493 1209 553 est,
1235 487 1415 563 inquantum

279 590 414 651 moribus
432 591 553 652 honesti
573 591 648 660 sint,
669 591 719 668 qui
742 588 891 649 Ecclesiae
904 586 1087 648 Societatem
1098 598 1246 668 expetunt
1255 589 1284 669 ³).
1315 587 1415 657 Quum

278 705 384 755 contra
416 695 592 776 disciplinae
625 713 682 755 usu
716 694 754 754 ob
786 694 942 754 doctrinae
974 693 1192 752 dissensionem
1224 692 1346 752 eiicitur
1376 711 1414 751 ex

278 793 410 858 Ecclesia
439 817 545 868 nemo,
574 799 718 878 quamdiu
749 797 829 858 Petri
859 799 1024 858 solemnem
1046 798 1083 856 dc
1106 797 1225 857 Christo
1247 796 1413 857 Confessio·

277 917 347 961 nem
377 921 461 963 suam
480 903 567 972 lacit,
598 904 629 963 in
652 912 793 983 promptu
815 912 861 962 est
884 901 922 961 ob
944 901 1071 961 subtiles
1092 901 1248 961 doctrinae
1270 901 1413 960 minuties

277 1002 314 1062 ab
339 1005 466 1066 Ecclesia
489 1006 652 1067 arcendum
675 1025 739 1067 csse
762 1006 959 1086 nemincml).
1003 1005 1042 1066 Ut
1065 1014 1165 1066 tarnen
1188 1006 1333 1066 dccentcr
1352 1024 1412 1065 om·

275 1107 325 1167 nia
344 1118 375 1168 et
397 1111 504 1171 ordine
527 1112 558 1170 in
581 1110 712 1171 Ecclesia
735 1113 838 1191 peragi
862 1119 989 1189 queant,
1012 1129 1101 1171 nemo
1124 1111 1154 1170 in
1179 1110 1325 1170 Ecclesiae
1348 1128 1412 1170 cor·

275 1229 330 1289 pus
359 1213 451 1273 inseri
480 1223 595 1294 potest,
624 1215 697 1292 quin
724 1216 805 1275 ultro
848 1214 1046 1294 »disciplinae
1076 1212 1301 1274 Ecclesiasticac
1324 1233 1354 1273 sc
1378 1232 1412 1272 ac

275 1326 404 1393 »sponte
426 1335 480 1377 sua
501 1317 675 1387 subiiciat,”
697 1329 728 1378 ct
751 1337 805 1399 pro
827 1319 976 1378 axiomatc
999 1321 1096 1378 valeat
1110 1319 1146 1398 ⁵),
1190 1337 1330 1387 somnes,
1360 1318 1411 1395 qui

274 1419 444 1480 »traditum
466 1442 482 1482 a
505 1421 624 1482 Christo
647 1433 678 1483 et
697 1423 781 1483 verbi
801 1434 833 1483 ct
852 1433 1108 1483 sacramentorum
1128 1422 1330 1482 ministerium
1350 1439 1411 1480 non

275 1523 404 1584 »volunt
429 1545 610 1606 agnoscere,
640 1547 692 1588 eos
714 1527 790 1587 nihil
813 1545 935 1607 prorsus
956 1546 1055 1606 neque
1078 1527 1116 1586 ad
1137 1525 1290 1586 Christum
1312 1544 1410 1604 neque

274 1627 333 1686 aad
369 1627 442 1690 Eius
471 1628 634 1690 Ecclesiam
664 1632 817 1711 pertinere
829 1631 879 1712 1).”
928 1630 1113 1692 Nativitatus
1140 1650 1231 1709 porro
1260 1629 1411 1690 Ecclesiae

273 1733 427 1794 societatis
459 1736 525 1796 iure
561 1736 705 1796 fruuntur
740 1736 828 1796 liberi
858 1735 1010 1804 fidelium,
1059 1746 1165 1796 »want
1194 1736 1232 1796 de
1260 1735 1410 1794 kinderen

273 1837 371 1898 »oock
399 1841 486 1900 mede
515 1842 546 1901 in
575 1842 613 1902 de
643 1841 827 1921 ghcmcynte
857 1839 937 1901 Gods
967 1849 1012 1901 tot
1037 1841 1090 1900 des
1113 1840 1232 1900 Hceren
1255 1839 1409 1914 verbonde

272 1939 534 2021 »belrooren⁷);''
575 1963 668 2022 quaro
709 1954 839 2004 testatur
868 1947 883 2003 al
913 1943 1008 2004 Lasco
1060 1944 1193 2004 »liberos
1223 1953 1341 2004 nostros
1377 1944 1408 2002 in

273 2043 427 2106 »Ecclesia
458 2058 577 2107 sanctos
605 2049 740 2130 csse⁸),’'
769 2059 800 2109 ct
830 2051 927 2109 socios
969 2069 1007 2109 »e
1038 2050 1099 2110 suis
1121 2049 1232 2110 lumbis
1254 2048 1332 2108 filios
1356 2046 1408 2108 Dei

272 2150 541 2231 »progignere⁹).”
584 2151 614 2213 Si
648 2155 806 2233 quaeritur
836 2155 983 2233 denique:
1031 2153 1213 2214 »Undenam
1246 2155 1277 2212 in
1311 2155 1410 2213 animo

273 2263 349 2311 »tuo
372 2273 533 2333 persuasus
558 2275 591 2315 cs
614 2267 643 2316 te
667 2275 772 2317 revera
795 2277 859 2316 csse
884 2257 1052 2318 membrum
1076 2257 1226 2317 Ecclesiae
1249 2256 1408 2317 Christi?”

271 2358 516 2436 respondendum
545 2370 661 2420 censet:
705 2387 717 2414 »
728 2360 833 2420 Sentio
855 2361 949 2440 ipsius
971 2362 1094 2440 spiritus
1116 2363 1211 2420 sancti
1234 2362 1410 2422 testimonio

272 2462 325 2520 »in
347 2463 456 2541 spiritu
478 2483 546 2524 mco
568 2466 677 2543 ipsius,
700 2466 781 2544 quod
803 2485 869 2524 sum
890 2465 969 2527 filins
993 2464 1046 2526 Dei
1069 2467 1162 2546 patris
1175 2466 1241 2546 ¹⁰).’'

542 2669 562 2751 p
585 2673 611 2730 2.
658 2671 807 2732 Sociorum
828 2672 860 2732 in
881 2671 1014 2733 Ecclesia
1035 2673 1138 2751 officia.

313 2874 500 2954 Quamquam
533 2879 692 2957 primariae
722 2881 753 2938 in
782 2879 914 2939 Ecclesia
943 2881 1147 2960 promovenda
1176 2888 1277 2959 partes
1306 2879 1343 2938 ab
1371 2879 1408 2938 iis

204 2983 209 2988 “
271 2980 477 3050 sustinentur,
506 2984 558 3060 qui
587 2985 781 3062 peculiariter
807 2984 844 3044 ad
873 2984 904 3044 id
934 2986 1031 3045 vocati
1061 3003 1179 3044 omnem
1209 2985 1301 3043 vitam
1324 3001 1408 3042 suam

270 3081 421 3144 Ecclesiae
455 3087 613 3146 commodo
646 3088 841 3166 impendunt;
876 3097 968 3148 »sunt
1002 3099 1102 3148 tamen
1136 3088 1283 3166 quaedam
1312 3086 1408 3166 plebis

270 3205 411 3266 »quoque
441 3189 472 3248 in
495 3189 634 3272 ‘Ecclesia
664 3190 774 3250 ollicia:
804 3210 881 3270 quae
910 3191 947 3251 ab
971 3191 1125 3256 omnibus.
1154 3191 1206 3269 qui
1234 3209 1288 3269 pro
1316 3209 1407 3251 mem-

268 3290 353 3350 rbris
375 3290 526 3351 Ecclesiae
548 3291 654 3352 haberi
677 3294 795 3360 volunt,
818 3295 860 3352 ita
883 3305 954 3354 sunt
976 3295 1152 3362 retinenda,
1174 3305 1336 3354 uteorum
1358 3313 1407 3354 cu-

269 3395 387 3455 »stodia
420 3396 457 3454 ad
486 3415 574 3455 nsum
604 3397 778 3475 disciplinae
808 3398 959 3476 pertineat
986 3399 1122 3466 omnino;
1152 3416 1251 3476 neque
1278 3399 1315 3457 ad
1343 3399 1407 3458 illo·

268 3518 358 3558 »rum
387 3499 604 3579 negligentiam
634 3500 788 3558 conniveri
811 3501 874 3560 ullo
896 3502 986 3562 modo
1008 3513 1060 3562 aut
1082 3502 1208 3571 debeat,
1230 3513 1282 3562 aut
1305 3503 1406 3581 possit.

268 3601 333 3662 »En
364 3622 436 3662 vero
465 3603 573 3681 partim
603 3603 764 3662 intuentur
793 3599 887 3664 licum
917 3607 1014 3686 ipsum
1044 3607 1074 3666 in
1104 3607 1188 3666 cultu
1217 3617 1308 3685 atque
1338 3607 1406 3666 ohe·

270 3706 408 3766 »dientia
437 3706 544 3786 ipsius:
578 3707 687 3786 partim
716 3708 872 3769 ministros
901 3707 1051 3771 Ecclesiae
1080 3711 1267 3791 publicos..:
1297 3711 1406 3788 partim

269 3819 394 3870 »autem
423 3820 559 3873 mutuam
589 3811 718 3872 invicem
747 3812 875 3872 fratrum
904 3813 936 3873 in
966 3812 1099 3874 Ecclesia
1124 3815 1258 3874 omnium
1282 3816 1406 3875 socicta-

307 4060 327 4120 ³)
346 4059 432 4110 Formo
449 4077 479 4110 ac
495 4065 542 4111 rat.
560 4063 615 4114 mic.
634 4063 709 4115 lond.
727 4080 751 4130 p.
771 4067 826 4114 186.

307 4143 327 4205 4)
348 4143 384 4194 lb.
404 4144 460 4198 167.
478 4145 514 4196 Cf.
535 4147 603 4212 Conf.
612 4148 678 4211 fidei
694 4165 717 4212 p.
737 4149 768 4198 19
786 4165 820 4213 sq.

268 4223 327 4355 Ivl)
347 4225 433 4276 Formo
455 4243 485 4276 ac
505 4233 553 4280 rai.
575 4231 630 4282 min.
655 4232 730 4282 Lond.
753 4248 778 4296 p.
803 4231 858 4281 186.
887 4229 923 4280 Cl.
943 4231 975 4282 ib.
999 4232 1055 4282 538.
1073 4237 1116 4301 Ep.
1134 4236 1169 4286 ad
1183 4238 1250 4287 Ball.
1274 4237 1336 4297 (Ser.
1354 4242 1404 4286 arat.

305 4347 311 4356 .
330 4308 365 4358 1²¹.
383 4310 460 4372 468).
1187 4337 1193 4348 ·

307 4390 326 4452 ⁶)
344 4390 387 4456 up.
405 4384 440 4440 od
455 4392 602 4444 Melanchilr.
622 4395 664 4457 (ib.
683 4397 717 4446 II.
738 4399 771 4448 1⁰.
791 4399 866 4455 506).
968 4397 988 4457 7)
1009 4402 1061 4449 ear.
1080 4399 1155 4450 Lond.
1175 4402 1230 4451 moi.
1248 4417 1271 4466 p.
1290 4403 1330 4452 99.

305 4471 326 4533 ⁸)
344 4472 430 4523 Formo
455 4491 484 4525 oe
508 4481 556 4526 rat.
579 4480 634 4528 mia.
661 4479 736 4530 Lond.
762 4497 785 4545 p.
812 4481 868 4529 591.
891 4480 926 4532 cf.
952 4481 985 4531 ib.
1007 4484 1063 4534 166.
1094 4485 1161 4549 eoas.
1176 4486 1240 4551 fidei
1261 4499 1285 4550 p.
1304 4487 1326 4537 6.
1350 4487 1360 4549 (
1396 4513 1404 4523 ·

263 4563 353 4604 niusa,
373 4555 447 4619 236).
549 4559 569 4622 ⁹)
589 4560 674 4612 Forma
691 4578 720 4611 ac
737 4566 784 4612 rat.
802 4563 858 4613 min.
877 4564 953 4614 trad.
974 4581 997 4629 p.
1016 4566 1072 4616 592.
1175 4568 1206 4630 ¹⁰)
1225 4568 1261 4618 Ib.
1280 4583 1304 4632 p.
1323 4567 1379 4620 167.
