3228 5102
827 273 865 334 tt

282 477 458 556 depositam·
481 494 496 535 e
517 493 571 554 qno
587 473 742 542 sanissima
760 465 909 534 eliceretnr
930 473 1128 538 doctrina,
1149 489 1222 552 qaae
1238 471 1298 531 iam
1312 487 1331 528 a
1346 487 1414 548 prce·

279 578 350 640 ritia
379 578 447 637 inde
475 576 640 636 cateolrismi
661 595 727 654 ope,
755 575 876 636 assidam
896 573 1028 652 deinceps
1045 573 1261 653 praedicatione
1282 572 1415 653 fidelitas

280 681 483 742 inculcaretur.
527 679 666 758 Adinnqit
692 699 799 759 qaoque
823 678 971 758 publicam
999 677 1044 737 sai
1070 678 1235 745 cultum,
1264 675 1414 736 scaranem

280 783 415 863 mammis
437 792 776 842 sacramentorum
799 780 1208 847 administrationem,
1233 785 1265 838 nt
1285 777 1414 858 fideliam

281 904 330 946 eor
351 903 466 946 sursum
487 890 609 944 enectam
630 883 684 943 liei
704 883 861 962 qlcriosam
881 882 975 961 maqis
995 887 1156 960 promereat
1176 882 1366 958 majestatem,
1387 885 1414 939 et

280 989 366 1070 fidera
395 988 555 1068 salvificam
582 987 696 1048 diuinae
724 987 873 1048 doetrinae
897 985 1105 1065 praestandam
1133 983 1165 1044 ia
1187 1003 1216 1043 se
1235 983 1317 1062 qiqai
1337 983 1415 1044 sinat

280 1098 307 1152 et
331 1109 491 1169 anqesccre.
536 1089 639 1169 Siseni
660 1089 771 1150 sintin
793 1089 940 1158 Ecclesia,
968 1087 1018 1168 qni
1038 1087 1156 1148 coelitus
1176 1087 1331 1147 revelatam
1350 1087 1413 1147 doc·

280 1193 389 1256 trinam
414 1211 522 1273 puram
550 1199 633 1272 atque
660 1192 803 1270 inteqram
831 1192 972 1272 recipere,
1001 1191 1115 1271 eiusque
1142 1190 1282 1250 mundata
1303 1190 1336 1250 in
1355 1189 1414 1251 nita

281 1296 395 1376 ecseqm
434 1303 579 1363 recusent,
615 1294 763 1356 Ecclesiae
801 1294 937 1356 incumbit
981 1293 1120 1372 officinm,
1171 1293 1413 1373 disciplinae

282 1398 599 1459 Ecclesiasticae
628 1415 647 1456 a
676 1397 734 1457 ltea
763 1397 818 1457 sili
846 1396 1012 1456 commissae
1042 1413 1112 1464 asa,
1137 1412 1191 1473 per
1224 1393 1320 1454 aerios
1354 1393 1415 1454 eias

279 1501 390 1580 qradas
418 1506 596 1561 contantaces
623 1500 791 1569 adnmnere,
820 1499 973 1559 sceleratos
997 1497 1181 1558 anathemate
1201 1496 1307 1574 ferire,
1325 1495 1414 1575 perti·

279 1621 365 1666 naees
385 1604 506 1685 denique
524 1605 560 1666 ab
580 1604 726 1664 Ecclesiae
750 1621 866 1682 corpore
890 1602 1070 1671 abscindere,
1092 1606 1118 1661 et
1136 1616 1235 1660 arcere
1251 1617 1271 1659 a
1288 1599 1416 1680 fideliam

281 1708 427 1776 sacmtate,
448 1706 536 1766 donec
555 1705 734 1784 resipiscant.

748 1967 932 1978 ...ι-..ψ-
945 1972 947 1978 ,

712 2161 883 2238 CAPUT
915 2165 984 2238 IV.

650 2367 844 2410 naannsmn
873 2367 1043 2411 nnarunu.

644 2738 665 2820 ι
687 2741 714 2799 l.
757 2737 892 2816 Reqimen
913 2738 1037 2798 eoeleste.

317 2945 480 3024 Postquam
502 2946 597 3024 igitur
618 2947 650 3016 in
673 2945 925 3024 praecedentibus
948 2964 1038 3024 quam
1060 2948 1283 3007 accuratissime
1301 2948 1333 3006 in
1351 2945 1414 3006 Cal·

278 3050 394 3110 vinieae
425 3047 576 3108 Ecclesiae
606 3049 762 3108 notionem
785 3049 1013 3127 inquisivimus,
1034 3059 1066 3109 et
1087 3050 1193 3110 ordine
1215 3050 1304 3110 simul
1325 3067 1414 3128 expo·

276 3155 369 3216 situm
391 3163 450 3222 est,
473 3152 583 3232 quibus
604 3153 661 3213 viis
683 3172 717 3212 ac
735 3153 905 3212 rationibus
923 3151 1047 3213 finema
1070 3152 1132 3214 Deo
1150 3154 1207 3214 sibi
1226 3155 1413 3234 propositum

279 3257 398 3336 assequi
427 3255 578 3316 Ecclesiae
607 3266 714 3335 queat,
743 3265 849 3335 sponte
876 3258 960 3335 quasi
983 3257 1039 3316 alia
1062 3275 1143 3316 nunc
1165 3257 1304 3317 oboritur
1325 3275 1414 3336 quae·

276 3361 351 3428 stio,
373 3358 554 3438 quibusnam
577 3377 615 3418 sc.
636 3358 791 3418 incumbat
814 3357 945 3418 officium
964 3359 995 3418 in
1008 3359 1086 3419 viam
1098 3359 1310 3438 planamillam
1322 3369 1413 3438 atque

278 3463 417 3525 stabilem
450 3461 613 3522 Ecclesiam
646 3461 815 3530 deducere;
847 3461 1028 3539 quibusnam
1060 3461 1145 3522 verbi
1173 3463 1342 3522 iniunctum
1374 3463 1437 3521 sit·

276 3567 495 3634 ministerium,
524 3573 782 3625 sacramentorum
810 3565 952 3624 mandata
978 3565 1212 3634 administratio,
1234 3565 1413 3644 quibusnam

280 3671 412 3748 danique
441 3668 616 3747 disciplinae
645 3666 868 3727 Ecclesiastitae
894 3669 1081 3728 exercendae
1113 3679 1263 3748 competat
1290 3669 1352 3738 ius,
1381 3678 1413 3728 et

281 3790 429 3854 quaenam
458 3771 490 3830 in
517 3771 659 3830 universo
687 3771 724 3830 iis
753 3790 820 3832 cum
849 3771 921 3850 ipsis
942 3770 1084 3832 fidelibus
1105 3771 1274 3832 intercedat
1295 3772 1412 3832 relatio.

271 3877 419 3938 Fortasse
440 3873 549 3934 melius
563 3873 658 3952 igitur
669 3873 726 3934 hoc
738 3883 828 3954 caput
856 3876 916 3936 ade
928 3873 1079 3936 Ecclesiae
1090 3874 1274 3951 orqaaismo’'
1287 3874 1412 3954 inscrip-

280 3982 436 4046 sissemus,
458 3976 528 4056 quia
550 3986 651 4036 tamen
674 3976 866 4055 »reqimiais'’
892 3977 1071 4038 vocabulum
1089 3995 1147 4037 usu
1172 3979 1279 4037 tritum
1300 3987 1360 4045 est,
1381 3987 1413 4037 et

279 4083 344 4144 lere
363 4081 462 4142 omnia
484 4081 516 4140 in
538 4099 569 4139 se
591 4080 836 4160 comprehendit,
862 4090 893 4142 et
914 4081 1048 4141 melioris
1070 4081 1159 4141 simul
1179 4081 1339 4141 latinitatis
1360 4098 1412 4140 no·

279 4195 341 4246 tam
363 4181 455 4244 habet
473 4183 511 4244 de
533 4192 677 4244 consueta
700 4185 820 4244 dicendi
842 4185 889 4245 via
911 4202 972 4244 nan
993 4183 1218 4245 deflectendum
1243 4202 1307 4244 esse
1329 4183 1412 4244 vide·

278 4287 377 4347 batur.
420 4283 469 4344 Sic
497 4292 598 4346 nutem
627 4284 665 4344 de
687 4283 765 4345 Eccl.
785 4286 933 4366 regimine
955 4286 1067 4346 dicturi
1089 4304 1204 4356 snmus,
1226 4297 1261 4347 ut
1282 4287 1411 4367 primum

279 4389 318 4450 de
340 4387 470 4448 Caelesti
491 4387 640 4466 regimine
662 4388 787 4450 seorsim
809 4408 947 4469 agamus,
969 4390 1040 4450 dein
1063 4391 1199 4471 regimen
1220 4390 1312 4460 illud,
1340 4408 1412 4468 qua·

278 4502 367 4555 tenus
399 4489 572 4552 hominibus
599 4492 789 4552 commissum
811 4501 874 4562 cst,
896 4493 1064 4555 accuratius
1085 4493 1261 4574 exposituri.
1304 4491 1411 4564 Quem·
