<?xml version="1.0" encoding="UTF-8"?>
<!DOCTYPE html PUBLIC "-//W3C//DTD XHTML 1.0 Transitional//EN"
    "http://www.w3.org/TR/xhtml1/DTD/xhtml1-transitional.dtd">
<html xmlns="http://www.w3.org/1999/xhtml" xml:lang="en" lang="en">
 <head>
  <title>
</title>
<meta http-equiv="Content-Type" content="text/html;charset=utf-8" />
  <meta name='ocr-system' content='tesseract 3.04.00' />
  <meta name='ocr-capabilities' content='ocr_page ocr_carea ocr_par ocr_line ocrx_word'/>
</head>
<body>
  <div class='ocr_page' id='page_1' title='image "./disquisitiohist00kuypgoog_0041.png"; bbox 0 0 3228 5102; ppageno 0'>
   <div class='ocr_carea' id='block_1_1' title="bbox 743 317 783 376">
    <p class='ocr_par' dir='ltr' id='par_1_1' title="bbox 743 317 783 376">
     <span class='ocr_line' id='line_1_1' title="bbox 743 317 783 376; baseline 0 0"><span class='ocrx_word' id='word_1_1' title='bbox 743 317 783 376; x_wconf 73' lang='grc'>17</span> 
     </span>
    </p>
   </div>
   <div class='ocr_carea' id='block_1_2' title="bbox 195 509 1329 803">
    <p class='ocr_par' dir='ltr' id='par_1_2' title="bbox 195 509 1329 803">
     <span class='ocr_line' id='line_1_2' title="bbox 196 509 1329 595; baseline 0.006 -24"><span class='ocrx_word' id='word_1_2' title='bbox 196 512 246 573; x_wconf 90' lang='lat' dir='ltr'>illa</span> <span class='ocrx_word' id='word_1_3' title='bbox 264 509 397 572; x_wconf 77' lang='lat' dir='ltr'><strong>Ecclesia</strong></span> <span class='ocrx_word' id='word_1_4' title='bbox 420 521 505 594; x_wconf 87' lang='lat' dir='ltr'>aget,</span> <span class='ocrx_word' id='word_1_5' title='bbox 526 515 655 595; x_wconf 90' lang='lat' dir='ltr'>amplius</span> <span class='ocrx_word' id='word_1_6' title='bbox 676 513 726 575; x_wconf 91' lang='lat' dir='ltr'>hic</span> <span class='ocrx_word' id='word_1_7' title='bbox 744 514 783 575; x_wconf 94' lang='lat' dir='ltr'>de</span> <span class='ocrx_word' id='word_1_8' title='bbox 800 532 836 575; x_wconf 89' lang='lat' dir='ltr'>ea</span> <span class='ocrx_word' id='word_1_9' title='bbox 858 513 1007 576; x_wconf 78' lang='lat' dir='ltr'>disserere</span> <span class='ocrx_word' id='word_1_10' title='bbox 1029 513 1277 595; x_wconf 80' lang='lat' dir='ltr'>supersedemus,</span> <span class='ocrx_word' id='word_1_11' title='bbox 1297 513 1329 578; x_wconf 88' lang='lat' dir='ltr'>id</span> 
     </span>
     <span class='ocr_line' id='line_1_3' title="bbox 195 617 806 698; baseline 0.005 -23"><span class='ocrx_word' id='word_1_12' title='bbox 195 617 291 696; x_wconf 90' lang='lat' dir='ltr'>magis</span> <span class='ocrx_word' id='word_1_13' title='bbox 313 617 427 677; x_wconf 84' lang='lat' dir='ltr'>referre</span> <span class='ocrx_word' id='word_1_14' title='bbox 449 627 553 685; x_wconf 85' lang='lat' dir='ltr'>nostra</span> <span class='ocrx_word' id='word_1_15' title='bbox 575 629 732 698; x_wconf 88' lang='lat' dir='ltr'>putantes,</span> <span class='ocrx_word' id='word_1_16' title='bbox 754 629 806 688; x_wconf 90' lang='lat' dir='ltr'>ut,</span> 
     </span>
     <span class='ocr_line' id='line_1_4' title="bbox 236 722 1327 803; baseline 0.003 -25"><span class='ocrx_word' id='word_1_17' title='bbox 236 737 258 778; x_wconf 85' lang='lat' dir='ltr'>c.</span> <span class='ocrx_word' id='word_1_18' title='bbox 291 739 439 799; x_wconf 80' lang='lat' dir='ltr'>quaenam</span> <span class='ocrx_word' id='word_1_19' title='bbox 461 722 542 782; x_wconf 89' lang='lat' dir='ltr'>inter</span> <span class='ocrx_word' id='word_1_20' title='bbox 562 733 723 802; x_wconf 89' lang='lat' dir='ltr'>utramque</span> <span class='ocrx_word' id='word_1_21' title='bbox 743 723 912 784; x_wconf 91' lang='lat' dir='ltr'>intercedat</span> <span class='ocrx_word' id='word_1_22' title='bbox 933 724 1058 793; x_wconf 90' lang='lat' dir='ltr'>relatio,</span> <span class='ocrx_word' id='word_1_23' title='bbox 1086 724 1221 803; x_wconf 89' lang='lat' dir='ltr'>paullum</span> <span class='ocrx_word' id='word_1_24' title='bbox 1242 740 1327 784; x_wconf 86' lang='lat' dir='ltr'>aecu-</span> 
     </span>
    </p>
   </div>
   <div class='ocr_carea' id='block_1_3' title="bbox 100 823 1329 908">
    <p class='ocr_par' dir='ltr' id='par_1_3' title="bbox 100 823 1329 908">
     <span class='ocr_line' id='line_1_5' title="bbox 100 823 1329 908; baseline 0.004 -27"><span class='ocrx_word' id='word_1_25' title='bbox 100 862 102 866; x_wconf 91' lang='lat'>-</span> <span class='ocrx_word' id='word_1_26' title='bbox 196 823 292 882; x_wconf 90' lang='lat' dir='ltr'>ratius</span> <span class='ocrx_word' id='word_1_27' title='bbox 320 823 500 904; x_wconf 89' lang='lat' dir='ltr'>inquiratur.</span> <span class='ocrx_word' id='word_1_28' title='bbox 542 825 576 885; x_wconf 92' lang='lat' dir='ltr'>In</span> <span class='ocrx_word' id='word_1_29' title='bbox 605 846 637 886; x_wconf 94' lang='lat' dir='ltr'>re</span> <span class='ocrx_word' id='word_1_30' title='bbox 668 836 770 888; x_wconf 87' lang='lat' dir='ltr'>autem</span> <span class='ocrx_word' id='word_1_31' title='bbox 798 837 860 888; x_wconf 90' lang='lat' dir='ltr'>tam</span> <span class='ocrx_word' id='word_1_32' title='bbox 889 827 997 896; x_wconf 92' lang='lat' dir='ltr'>dubia,</span> <span class='ocrx_word' id='word_1_33' title='bbox 1026 835 1088 887; x_wconf 88' lang='lat' dir='ltr'>tam</span> <span class='ocrx_word' id='word_1_34' title='bbox 1117 828 1268 908; x_wconf 89' lang='lat' dir='ltr'>implicata</span> <span class='ocrx_word' id='word_1_35' title='bbox 1297 835 1329 886; x_wconf 88' lang='lat' dir='ltr'>et</span> 
     </span>
    </p>
   </div>
   <div class='ocr_carea' id='block_1_4' title="bbox 184 927 1401 2664">
    <p class='ocr_par' dir='ltr' id='par_1_4' title="bbox 184 927 1401 2664">
     <span class='ocr_line' id='line_1_6' title="bbox 197 927 1329 1011; baseline 0.004 -26"><span class='ocrx_word' id='word_1_36' title='bbox 197 935 335 987; x_wconf 89' lang='lat' dir='ltr'>contorta</span> <span class='ocrx_word' id='word_1_37' title='bbox 358 948 449 1008; x_wconf 88' lang='lat' dir='ltr'>parva</span> <span class='ocrx_word' id='word_1_38' title='bbox 470 932 639 1010; x_wconf 78' lang='lat' dir='ltr'>requiritur</span> <span class='ocrx_word' id='word_1_39' title='bbox 659 931 822 1011; x_wconf 84' lang='lat' dir='ltr'>digressio,</span> <span class='ocrx_word' id='word_1_40' title='bbox 845 951 921 1011; x_wconf 92' lang='lat' dir='ltr'>quae</span> <span class='ocrx_word' id='word_1_41' title='bbox 943 933 1022 992; x_wconf 90' lang='lat' dir='ltr'>viam</span> <span class='ocrx_word' id='word_1_42' title='bbox 1043 931 1131 992; x_wconf 92' lang='lat' dir='ltr'>nobis</span> <span class='ocrx_word' id='word_1_43' title='bbox 1151 931 1269 992; x_wconf 92' lang='lat' dir='ltr'>muniat</span> <span class='ocrx_word' id='word_1_44' title='bbox 1290 927 1329 990; x_wconf 89' lang='lat' dir='ltr'>ad</span> 
     </span>
     <span class='ocr_line' id='line_1_7' title="bbox 197 1027 1330 1110; baseline -0.001 -21"><span class='ocrx_word' id='word_1_45' title='bbox 197 1027 311 1090; x_wconf 84' lang='lat' dir='ltr'>Calvini</span> <span class='ocrx_word' id='word_1_46' title='bbox 340 1030 378 1089; x_wconf 92' lang='lat' dir='ltr'>de</span> <span class='ocrx_word' id='word_1_47' title='bbox 408 1048 443 1089; x_wconf 92' lang='lat' dir='ltr'>ea</span> <span class='ocrx_word' id='word_1_48' title='bbox 472 1050 505 1091; x_wconf 93' lang='lat' dir='ltr'>re</span> <span class='ocrx_word' id='word_1_49' title='bbox 534 1032 706 1110; x_wconf 86' lang='lat' dir='ltr'>opinionem</span> <span class='ocrx_word' id='word_1_50' title='bbox 735 1033 793 1092; x_wconf 89' lang='lat' dir='ltr'>rite</span> <span class='ocrx_word' id='word_1_51' title='bbox 825 1034 1050 1094; x_wconf 88' lang='lat' dir='ltr'>aestimandam.</span> <span class='ocrx_word' id='word_1_52' title='bbox 1092 1032 1125 1093; x_wconf 94' lang='lat' dir='ltr'>ln</span> <span class='ocrx_word' id='word_1_53' title='bbox 1155 1029 1330 1110; x_wconf 89' lang='lat' dir='ltr'>Euangeliis</span> 
     </span>
     <span class='ocr_line' id='line_1_8' title="bbox 197 1132 1329 1215; baseline 0.003 -25"><span class='ocrx_word' id='word_1_54' title='bbox 197 1132 375 1211; x_wconf 89' lang='lat' dir='ltr'>synopticis,</span> <span class='ocrx_word' id='word_1_55' title='bbox 397 1135 574 1212; x_wconf 89' lang='lat' dir='ltr'>praesertim</span> <span class='ocrx_word' id='word_1_56' title='bbox 592 1135 623 1194; x_wconf 92' lang='lat' dir='ltr'>in</span> <span class='ocrx_word' id='word_1_57' title='bbox 642 1133 745 1215; x_wconf 89' lang='lat' dir='ltr'>Logiis</span> <span class='ocrx_word' id='word_1_58' title='bbox 764 1155 780 1196; x_wconf 91' lang='lat' dir='ltr'>a</span> <span class='ocrx_word' id='word_1_59' title='bbox 800 1133 967 1206; x_wconf 88' lang='lat' dir='ltr'>Matthaeo,</span> <span class='ocrx_word' id='word_1_60' title='bbox 989 1147 1023 1197; x_wconf 91' lang='lat' dir='ltr'>ut</span> <span class='ocrx_word' id='word_1_61' title='bbox 1044 1137 1201 1204; x_wconf 85' lang='lat' dir='ltr'>videntur,</span> <span class='ocrx_word' id='word_1_62' title='bbox 1223 1135 1329 1194; x_wconf 87' lang='lat' dir='ltr'>colleo-</span> 
     </span>
     <span class='ocr_line' id='line_1_9' title="bbox 198 1235 1331 1318; baseline 0.003 -24"><span class='ocrx_word' id='word_1_63' title='bbox 198 1235 252 1304; x_wconf 91' lang='lat' dir='ltr'>tis,</span> <span class='ocrx_word' id='word_1_64' title='bbox 275 1236 307 1296; x_wconf 93' lang='lat' dir='ltr'>id</span> <span class='ocrx_word' id='word_1_65' title='bbox 328 1238 457 1297; x_wconf 88' lang='lat' dir='ltr'>maxime</span> <span class='ocrx_word' id='word_1_66' title='bbox 479 1237 578 1298; x_wconf 90' lang='lat' dir='ltr'>lesum</span> <span class='ocrx_word' id='word_1_67' title='bbox 601 1239 658 1299; x_wconf 92' lang='lat' dir='ltr'>sibi</span> <span class='ocrx_word' id='word_1_68' title='bbox 680 1240 827 1310; x_wconf 85' lang='lat' dir='ltr'>voluisse,</span> <span class='ocrx_word' id='word_1_69' title='bbox 856 1242 1029 1311; x_wconf 84' lang='lat' dir='ltr'>edocemur,</span> <span class='ocrx_word' id='word_1_70' title='bbox 1059 1251 1093 1302; x_wconf 92' lang='lat' dir='ltr'>ut</span> <span class='ocrx_word' id='word_1_71' title='bbox 1118 1241 1196 1301; x_wconf 89' lang='lat' dir='ltr'>bene</span> <span class='ocrx_word' id='word_1_72' title='bbox 1218 1237 1331 1318; x_wconf 77' lang='lat' dir='ltr'>singuli</span> 
     </span>
     <span class='ocr_line' id='line_1_10' title="bbox 197 1339 1330 1422; baseline 0.004 -25"><span class='ocrx_word' id='word_1_73' title='bbox 197 1339 404 1420; x_wconf 75' lang='lat' dir='ltr'>intelligerent</span> <span class='ocrx_word' id='word_1_74' title='bbox 430 1340 583 1411; x_wconf 90' lang='lat' dir='ltr'>homines,</span> <span class='ocrx_word' id='word_1_75' title='bbox 612 1344 649 1402; x_wconf 92' lang='lat' dir='ltr'>ad</span> <span class='ocrx_word' id='word_1_76' title='bbox 678 1345 752 1422; x_wconf 93' lang='lat' dir='ltr'>quid</span> <span class='ocrx_word' id='word_1_77' title='bbox 778 1355 879 1405; x_wconf 90' lang='lat' dir='ltr'>essent</span> <span class='ocrx_word' id='word_1_78' title='bbox 909 1365 924 1405; x_wconf 91' lang='lat' dir='ltr'>a</span> <span class='ocrx_word' id='word_1_79' title='bbox 954 1345 1016 1406; x_wconf 89' lang='lat' dir='ltr'>Deo</span> <span class='ocrx_word' id='word_1_80' title='bbox 1047 1343 1207 1413; x_wconf 87' lang='lat' dir='ltr'>destinati,</span> <span class='ocrx_word' id='word_1_81' title='bbox 1236 1359 1330 1422; x_wconf 91' lang='lat' dir='ltr'>quare</span> 
     </span>
     <span class='ocr_line' id='line_1_11' title="bbox 197 1443 1332 1529; baseline 0.004 -28"><span class='ocrx_word' id='word_1_82' title='bbox 197 1443 276 1520; x_wconf 92' lang='lat' dir='ltr'>ipse,</span> <span class='ocrx_word' id='word_1_83' title='bbox 299 1445 551 1523; x_wconf 79' lang='lat' dir='ltr'>perfectissimum</span> <span class='ocrx_word' id='word_1_84' title='bbox 572 1446 697 1507; x_wconf 89' lang='lat' dir='ltr'>humani</span> <span class='ocrx_word' id='word_1_85' title='bbox 720 1450 840 1528; x_wconf 91' lang='lat' dir='ltr'>generis</span> <span class='ocrx_word' id='word_1_86' title='bbox 869 1451 1037 1529; x_wconf 88' lang='lat' dir='ltr'>exemplar,</span> <span class='ocrx_word' id='word_1_87' title='bbox 1066 1449 1172 1508; x_wconf 89' lang='lat' dir='ltr'>idealis</span> <span class='ocrx_word' id='word_1_88' title='bbox 1199 1445 1332 1506; x_wconf 86' lang='lat' dir='ltr'>hominis</span> 
     </span>
     <span class='ocr_line' id='line_1_12' title="bbox 197 1545 1331 1630; baseline 0.004 -26"><span class='ocrx_word' id='word_1_89' title='bbox 197 1545 358 1626; x_wconf 81' lang='lat' dir='ltr'>imaginem</span> <span class='ocrx_word' id='word_1_90' title='bbox 378 1550 553 1628; x_wconf 90' lang='lat' dir='ltr'>aequalibus</span> <span class='ocrx_word' id='word_1_91' title='bbox 571 1551 740 1630; x_wconf 92' lang='lat' dir='ltr'>proposuit,</span> <span class='ocrx_word' id='word_1_92' title='bbox 762 1562 794 1612; x_wconf 90' lang='lat' dir='ltr'>et</span> <span class='ocrx_word' id='word_1_93' title='bbox 812 1553 898 1630; x_wconf 92' lang='lat' dir='ltr'>quasi</span> <span class='ocrx_word' id='word_1_94' title='bbox 916 1553 1067 1612; x_wconf 88' lang='lat' dir='ltr'>internam</span> <span class='ocrx_word' id='word_1_95' title='bbox 1087 1551 1178 1611; x_wconf 91' lang='lat' dir='ltr'>animi</span> <span class='ocrx_word' id='word_1_96' title='bbox 1197 1551 1243 1610; x_wconf 89' lang='lat' dir='ltr'>sui</span> <span class='ocrx_word' id='word_1_97' title='bbox 1261 1567 1331 1609; x_wconf 90' lang='lat' dir='ltr'>eon·</span> 
     </span>
     <span class='ocr_line' id='line_1_13' title="bbox 197 1651 1331 1734; baseline 0.001 -25"><span class='ocrx_word' id='word_1_98' title='bbox 197 1652 353 1710; x_wconf 89' lang='lat' dir='ltr'>scientiam</span> <span class='ocrx_word' id='word_1_99' title='bbox 376 1664 467 1730; x_wconf 88' lang='lat' dir='ltr'>atque</span> <span class='ocrx_word' id='word_1_100' title='bbox 489 1653 694 1713; x_wconf 90' lang='lat' dir='ltr'>conditionem</span> <span class='ocrx_word' id='word_1_101' title='bbox 716 1655 855 1734; x_wconf 85' lang='lat' dir='ltr'>depinxit</span> <span class='ocrx_word' id='word_1_102' title='bbox 876 1656 959 1724; x_wconf 92' lang='lat' dir='ltr'>aliis,</span> <span class='ocrx_word' id='word_1_103' title='bbox 988 1666 1078 1734; x_wconf 92' lang='lat' dir='ltr'>atque</span> <span class='ocrx_word' id='word_1_104' title='bbox 1101 1654 1254 1733; x_wconf 82' lang='lat' dir='ltr'>explicuit.</span> <span class='ocrx_word' id='word_1_105' title='bbox 1296 1651 1331 1711; x_wconf 92' lang='lat' dir='ltr'>ln</span> 
     </span>
     <span class='ocr_line' id='line_1_14' title="bbox 197 1753 1401 1837; baseline 0.002 -25"><span class='ocrx_word' id='word_1_106' title='bbox 197 1772 233 1813; x_wconf 92' lang='lat' dir='ltr'>eo</span> <span class='ocrx_word' id='word_1_107' title='bbox 256 1763 357 1814; x_wconf 89' lang='lat' dir='ltr'>autem</span> <span class='ocrx_word' id='word_1_108' title='bbox 380 1753 563 1835; x_wconf 90' lang='lat' dir='ltr'>Euangelio,</span> <span class='ocrx_word' id='word_1_109' title='bbox 586 1758 667 1835; x_wconf 91' lang='lat' dir='ltr'>quod</span> <span class='ocrx_word' id='word_1_110' title='bbox 689 1769 736 1817; x_wconf 86' lang='lat' dir='ltr'>est</span> <span class='ocrx_word' id='word_1_111' title='bbox 758 1759 863 1818; x_wconf 91' lang='lat' dir='ltr'>ordine</span> <span class='ocrx_word' id='word_1_112' title='bbox 886 1767 1011 1837; x_wconf 87' lang='lat' dir='ltr'>quarto,</span> <span class='ocrx_word' id='word_1_113' title='bbox 1038 1757 1177 1817; x_wconf 92' lang='lat' dir='ltr'>homines</span> <span class='ocrx_word' id='word_1_114' title='bbox 1206 1757 1243 1817; x_wconf 93' lang='lat' dir='ltr'>ad</span> <span class='ocrx_word' id='word_1_115' title='bbox 1266 1774 1332 1836; x_wconf 91' lang='lat' dir='ltr'>per·</span> <span class='ocrx_word' id='word_1_116' title='bbox 1391 1805 1401 1824; x_wconf 85' lang='lat'>,</span> 
     </span>
     <span class='ocr_line' id='line_1_15' title="bbox 198 1855 1333 1941; baseline 0.004 -27"><span class='ocrx_word' id='word_1_117' title='bbox 198 1855 387 1917; x_wconf 90' lang='lat' dir='ltr'>lectitudinis</span> <span class='ocrx_word' id='word_1_118' title='bbox 415 1869 528 1918; x_wconf 88' lang='lat' dir='ltr'>metam</span> <span class='ocrx_word' id='word_1_119' title='bbox 557 1861 655 1919; x_wconf 90' lang='lat' dir='ltr'>evecti</span> <span class='ocrx_word' id='word_1_120' title='bbox 684 1879 746 1920; x_wconf 94' lang='lat' dir='ltr'>non</span> <span class='ocrx_word' id='word_1_121' title='bbox 764 1871 826 1921; x_wconf 92' lang='lat' dir='ltr'>tam</span> <span class='ocrx_word' id='word_1_122' title='bbox 849 1863 960 1941; x_wconf 90' lang='lat' dir='ltr'>singuli</span> <span class='ocrx_word' id='word_1_123' title='bbox 988 1862 1113 1921; x_wconf 86' lang='lat' dir='ltr'>seorsim</span> <span class='ocrx_word' id='word_1_124' title='bbox 1142 1861 1333 1939; x_wconf 84' lang='lat' dir='ltr'>cogitantur,</span> 
     </span>
     <span class='ocr_line' id='line_1_16' title="bbox 184 1961 1333 2049; baseline 0.003 -31"><span class='ocrx_word' id='word_1_125' title='bbox 184 1978 287 2049; x_wconf 85' lang='lat' dir='ltr'>¹quarn</span> <span class='ocrx_word' id='word_1_126' title='bbox 308 1961 339 2020; x_wconf 81' lang='lat' dir='ltr'>dt</span> <span class='ocrx_word' id='word_1_127' title='bbox 362 1980 466 2022; x_wconf 91' lang='lat' dir='ltr'>omnes</span> <span class='ocrx_word' id='word_1_128' title='bbox 487 1964 587 2041; x_wconf 92' lang='lat' dir='ltr'>potius</span> <span class='ocrx_word' id='word_1_129' title='bbox 616 1964 697 2023; x_wconf 86' lang='lat' dir='ltr'>inter</span> <span class='ocrx_word' id='word_1_130' title='bbox 722 1983 770 2032; x_wconf 91' lang='lat' dir='ltr'>se,</span> <span class='ocrx_word' id='word_1_131' title='bbox 799 1965 830 2024; x_wconf 78' lang='lat' dir='ltr'>dt</span> <span class='ocrx_word' id='word_1_132' title='bbox 859 1983 927 2024; x_wconf 88' lang='lat' dir='ltr'>cum</span> <span class='ocrx_word' id='word_1_133' title='bbox 956 1964 1076 2026; x_wconf 86' lang='lat' dir='ltr'>Christo</span> <span class='ocrx_word' id='word_1_134' title='bbox 1104 1963 1189 2043; x_wconf 92' lang='lat' dir='ltr'>quasi</span> <span class='ocrx_word' id='word_1_135' title='bbox 1211 1963 1333 2024; x_wconf 85' lang='lat' dir='ltr'>vinculo</span> 
     </span>
     <span class='ocr_line' id='line_1_17' title="bbox 197 2065 1332 2147; baseline 0.004 -25"><span class='ocrx_word' id='word_1_136' title='bbox 197 2065 349 2124; x_wconf 88' lang='lat' dir='ltr'>communi</span> <span class='ocrx_word' id='word_1_137' title='bbox 371 2065 538 2126; x_wconf 90' lang='lat' dir='ltr'>arctissime</span> <span class='ocrx_word' id='word_1_138' title='bbox 561 2067 723 2127; x_wconf 88' lang='lat' dir='ltr'>coniuncti.</span> <span class='ocrx_word' id='word_1_139' title='bbox 759 2066 843 2127; x_wconf 90' lang='lat' dir='ltr'>ldem</span> <span class='ocrx_word' id='word_1_140' title='bbox 864 2087 986 2147; x_wconf 91' lang='lat' dir='ltr'>quoque</span> <span class='ocrx_word' id='word_1_141' title='bbox 1008 2067 1119 2128; x_wconf 88' lang='lat' dir='ltr'>Paulus</span> <span class='ocrx_word' id='word_1_142' title='bbox 1139 2067 1252 2135; x_wconf 86' lang='lat' dir='ltr'>voluit,</span> <span class='ocrx_word' id='word_1_143' title='bbox 1273 2067 1332 2126; x_wconf 92' lang='lat' dir='ltr'>nisi</span> 
     </span>
     <span class='ocr_line' id='line_1_18' title="bbox 197 2167 1333 2250; baseline 0.004 -25"><span class='ocrx_word' id='word_1_144' title='bbox 197 2167 278 2244; x_wconf 94' lang='lat' dir='ltr'>quod</span> <span class='ocrx_word' id='word_1_145' title='bbox 298 2169 543 2229; x_wconf 91' lang='lat' dir='ltr'>coniunctionem</span> <span class='ocrx_word' id='word_1_146' title='bbox 567 2170 649 2230; x_wconf 91' lang='lat' dir='ltr'>illam</span> <span class='ocrx_word' id='word_1_147' title='bbox 671 2188 732 2229; x_wconf 90' lang='lat' dir='ltr'>non</span> <span class='ocrx_word' id='word_1_148' title='bbox 754 2180 817 2230; x_wconf 90' lang='lat' dir='ltr'>tam</span> <span class='ocrx_word' id='word_1_149' title='bbox 839 2171 870 2230; x_wconf 91' lang='lat' dir='ltr'>in</span> <span class='ocrx_word' id='word_1_150' title='bbox 893 2171 1010 2250; x_wconf 89' lang='lat' dir='ltr'>origine</span> <span class='ocrx_word' id='word_1_151' title='bbox 1033 2189 1086 2230; x_wconf 92' lang='lat' dir='ltr'>sua</span> <span class='ocrx_word' id='word_1_152' title='bbox 1109 2181 1140 2230; x_wconf 90' lang='lat' dir='ltr'>et</span> <span class='ocrx_word' id='word_1_153' title='bbox 1161 2171 1257 2230; x_wconf 89' lang='lat' dir='ltr'>veluti</span> <span class='ocrx_word' id='word_1_154' title='bbox 1281 2187 1333 2230; x_wconf 91' lang='lat' dir='ltr'>na·</span> 
     </span>
     <span class='ocr_line' id='line_1_19' title="bbox 196 2272 1331 2353; baseline 0.004 -25"><span class='ocrx_word' id='word_1_155' title='bbox 196 2281 345 2340; x_wconf 89' lang='lat' dir='ltr'>scentem,</span> <span class='ocrx_word' id='word_1_156' title='bbox 376 2291 465 2351; x_wconf 86' lang='lat' dir='ltr'>quarn</span> <span class='ocrx_word' id='word_1_157' title='bbox 494 2273 658 2353; x_wconf 89' lang='lat' dir='ltr'>perlectam</span> <span class='ocrx_word' id='word_1_158' title='bbox 688 2275 789 2352; x_wconf 95' lang='lat' dir='ltr'>potius</span> <span class='ocrx_word' id='word_1_159' title='bbox 819 2284 850 2334; x_wconf 90' lang='lat' dir='ltr'>et</span> <span class='ocrx_word' id='word_1_160' title='bbox 879 2274 1046 2334; x_wconf 91' lang='lat' dir='ltr'>absolutam</span> <span class='ocrx_word' id='word_1_161' title='bbox 1077 2282 1212 2352; x_wconf 89' lang='lat' dir='ltr'>spectare</span> <span class='ocrx_word' id='word_1_162' title='bbox 1246 2272 1331 2332; x_wconf 89' lang='lat' dir='ltr'>solet.</span> 
     </span>
     <span class='ocr_line' id='line_1_20' title="bbox 197 2376 1333 2456; baseline -0.002 -18"><span class='ocrx_word' id='word_1_163' title='bbox 197 2377 231 2438; x_wconf 93' lang='lat' dir='ltr'>In</span> <span class='ocrx_word' id='word_1_164' title='bbox 261 2377 292 2434; x_wconf 71' lang='lat'>4⁰</span> <span class='ocrx_word' id='word_1_165' title='bbox 314 2378 474 2456; x_wconf 89' lang='lat' dir='ltr'>euangelio</span> <span class='ocrx_word' id='word_1_166' title='bbox 504 2378 614 2456; x_wconf 91' lang='lat' dir='ltr'>singuli</span> <span class='ocrx_word' id='word_1_167' title='bbox 644 2376 754 2437; x_wconf 85' lang='lat' dir='ltr'>Christi</span> <span class='ocrx_word' id='word_1_168' title='bbox 784 2377 890 2438; x_wconf 90' lang='lat' dir='ltr'>fideles</span> <span class='ocrx_word' id='word_1_169' title='bbox 919 2378 951 2438; x_wconf 95' lang='lat' dir='ltr'>in</span> <span class='ocrx_word' id='word_1_170' title='bbox 980 2395 1075 2437; x_wconf 89' lang='lat' dir='ltr'>unum</span> <span class='ocrx_word' id='word_1_171' title='bbox 1103 2395 1211 2456; x_wconf 90' lang='lat' dir='ltr'>corpus</span> <span class='ocrx_word' id='word_1_172' title='bbox 1237 2377 1333 2436; x_wconf 72' lang='lat' dir='ltr'>cohle-</span> 
     </span>
     <span class='ocr_line' id='line_1_21' title="bbox 196 2479 1334 2560; baseline -0.004 -18"><span class='ocrx_word' id='word_1_173' title='bbox 196 2491 298 2550; x_wconf 91' lang='lat' dir='ltr'>scunt;</span> <span class='ocrx_word' id='word_1_174' title='bbox 323 2481 401 2560; x_wconf 92' lang='lat' dir='ltr'>apud</span> <span class='ocrx_word' id='word_1_175' title='bbox 425 2479 550 2540; x_wconf 90' lang='lat' dir='ltr'>Paulum</span> <span class='ocrx_word' id='word_1_176' title='bbox 573 2482 632 2540; x_wconf 89' lang='lat' dir='ltr'>iarn</span> <span class='ocrx_word' id='word_1_177' title='bbox 655 2483 834 2542; x_wconf 78' lang='lat' dir='ltr'>coaluerunt</span> <span class='ocrx_word' id='word_1_178' title='bbox 856 2483 887 2542; x_wconf 96' lang='lat' dir='ltr'>in</span> <span class='ocrx_word' id='word_1_179' title='bbox 910 2500 1020 2550; x_wconf 89' lang='lat' dir='ltr'>unum,</span> <span class='ocrx_word' id='word_1_180' title='bbox 1050 2491 1081 2541; x_wconf 89' lang='lat' dir='ltr'>et</span> <span class='ocrx_word' id='word_1_181' title='bbox 1109 2481 1206 2560; x_wconf 92' lang='lat' dir='ltr'>ipsum</span> <span class='ocrx_word' id='word_1_182' title='bbox 1233 2479 1334 2560; x_wconf 89' lang='lat' dir='ltr'>potius</span> 
     </span>
     <span class='ocr_line' id='line_1_22' title="bbox 196 2581 1333 2664; baseline -0.003 -19"><span class='ocrx_word' id='word_1_183' title='bbox 196 2603 319 2664; x_wconf 88' lang='lat' dir='ltr'>eorpus,</span> <span class='ocrx_word' id='word_1_184' title='bbox 348 2602 438 2662; x_wconf 94' lang='lat' dir='ltr'>quam</span> <span class='ocrx_word' id='word_1_185' title='bbox 468 2585 586 2664; x_wconf 89' lang='lat' dir='ltr'>singula</span> <span class='ocrx_word' id='word_1_186' title='bbox 610 2585 675 2644; x_wconf 90' lang='lat' dir='ltr'>eius</span> <span class='ocrx_word' id='word_1_187' title='bbox 696 2586 848 2654; x_wconf 87' lang='lat' dir='ltr'>membra,</span> <span class='ocrx_word' id='word_1_188' title='bbox 877 2586 914 2646; x_wconf 93' lang='lat' dir='ltr'>ab</span> <span class='ocrx_word' id='word_1_189' title='bbox 941 2586 1043 2645; x_wconf 90' lang='lat' dir='ltr'>oculos</span> <span class='ocrx_word' id='word_1_190' title='bbox 1064 2595 1209 2645; x_wconf 87' lang='lat' dir='ltr'>versatur.</span> <span class='ocrx_word' id='word_1_191' title='bbox 1252 2581 1333 2643; x_wconf 88' lang='lat' dir='ltr'>Bene</span> 
     </span>
    </p>
   </div>
   <div class='ocr_carea' id='block_1_5' title="bbox 105 2686 1333 2768">
    <p class='ocr_par' dir='ltr' id='par_1_5' title="bbox 105 2686 1333 2768">
     <span class='ocr_line' id='line_1_23' title="bbox 105 2686 1333 2768; baseline -0.002 -19"><span class='ocrx_word' id='word_1_192' title='bbox 105 2697 111 2702; x_wconf 88' lang='grc'><em>“</em></span> <span class='ocrx_word' id='word_1_193' title='bbox 197 2689 292 2768; x_wconf 88' lang='lat' dir='ltr'>igitur</span> <span class='ocrx_word' id='word_1_194' title='bbox 315 2697 385 2746; x_wconf 90' lang='lat' dir='ltr'>aute</span> <span class='ocrx_word' id='word_1_195' title='bbox 408 2688 507 2747; x_wconf 89' lang='lat' dir='ltr'>omnia</span> <span class='ocrx_word' id='word_1_196' title='bbox 526 2688 694 2749; x_wconf 89' lang='lat' dir='ltr'>tenendum</span> <span class='ocrx_word' id='word_1_197' title='bbox 713 2699 759 2748; x_wconf 87' lang='lat' dir='ltr'>est</span> <span class='ocrx_word' id='word_1_198' title='bbox 781 2688 815 2749; x_wconf 88' lang='lat' dir='ltr'>N.</span> <span class='ocrx_word' id='word_1_199' title='bbox 828 2688 859 2749; x_wconf 83' lang='grc' dir='ltr'>Τ.</span> <span class='ocrx_word' id='word_1_200' title='bbox 881 2689 1028 2750; x_wconf 89' lang='lat' dir='ltr'>librorum</span> <span class='ocrx_word' id='word_1_201' title='bbox 1047 2699 1186 2748; x_wconf 91' lang='lat' dir='ltr'>auctores</span> <span class='ocrx_word' id='word_1_202' title='bbox 1203 2686 1333 2765; x_wconf 89' lang='lat' dir='ltr'>ubique,</span> 
     </span>
    </p>
   </div>
   <div class='ocr_carea' id='block_1_6' title="bbox 196 2791 1372 4526">
    <p class='ocr_par' dir='ltr' id='par_1_6' title="bbox 196 2791 1372 4526">
     <span class='ocr_line' id='line_1_24' title="bbox 196 2791 1332 2873; baseline -0.003 -21"><span class='ocrx_word' id='word_1_203' title='bbox 196 2792 383 2873; x_wconf 88' lang='lat' dir='ltr'>paucissimis</span> <span class='ocrx_word' id='word_1_204' title='bbox 411 2791 511 2851; x_wconf 90' lang='lat' dir='ltr'>lorsan</span> <span class='ocrx_word' id='word_1_205' title='bbox 541 2792 614 2851; x_wconf 89' lang='lat' dir='ltr'>locis</span> <span class='ocrx_word' id='word_1_206' title='bbox 636 2793 785 2870; x_wconf 86' lang='lat' dir='ltr'>exceptis,</span> <span class='ocrx_word' id='word_1_207' title='bbox 814 2793 852 2852; x_wconf 93' lang='lat' dir='ltr'>ad</span> <span class='ocrx_word' id='word_1_208' title='bbox 881 2793 993 2854; x_wconf 80' lang='lat' dir='ltr'>Christi</span> <span class='ocrx_word' id='word_1_209' title='bbox 1018 2794 1115 2853; x_wconf 87' lang='lat' dir='ltr'>instar</span> <span class='ocrx_word' id='word_1_210' title='bbox 1135 2792 1264 2852; x_wconf 90' lang='lat' dir='ltr'>idealem</span> <span class='ocrx_word' id='word_1_211' title='bbox 1286 2808 1332 2850; x_wconf 90' lang='lat' dir='ltr'>re·</span> 
     </span>
     <span class='ocr_line' id='line_1_25' title="bbox 197 2895 1333 2974; baseline -0.002 -19"><span class='ocrx_word' id='word_1_212' title='bbox 197 2915 263 2955; x_wconf 84' lang='lat' dir='ltr'>rum</span> <span class='ocrx_word' id='word_1_213' title='bbox 293 2895 498 2955; x_wconf 90' lang='lat' dir='ltr'>conditionem</span> <span class='ocrx_word' id='word_1_214' title='bbox 527 2895 557 2954; x_wconf 79' lang='lat' dir='ltr'>et</span> <span class='ocrx_word' id='word_1_215' title='bbox 586 2896 667 2974; x_wconf 93' lang='lat' dir='ltr'>ipsos</span> <span class='ocrx_word' id='word_1_216' title='bbox 689 2897 817 2956; x_wconf 82' lang='lat' dir='ltr'>volvisse</span> <span class='ocrx_word' id='word_1_217' title='bbox 847 2898 962 2967; x_wconf 89' lang='lat' dir='ltr'>animo,</span> <span class='ocrx_word' id='word_1_218' title='bbox 990 2898 1021 2958; x_wconf 84' lang='lat' dir='ltr'>e&#39;t</span> <span class='ocrx_word' id='word_1_219' title='bbox 1050 2895 1240 2956; x_wconf 83' lang='lat' dir='ltr'>incitamenti</span> <span class='ocrx_word' id='word_1_220' title='bbox 1266 2895 1333 2954; x_wconf 88' lang='lat' dir='ltr'>loco</span> 
     </span>
     <span class='ocr_line' id='line_1_26' title="bbox 197 2997 1331 3080; baseline -0.002 -21"><span class='ocrx_word' id='word_1_221' title='bbox 197 2998 386 3078; x_wconf 89' lang='lat' dir='ltr'>proposuisse</span> <span class='ocrx_word' id='word_1_222' title='bbox 409 2997 484 3058; x_wconf 91' lang='lat' dir='ltr'>aliis.</span> <span class='ocrx_word' id='word_1_223' title='bbox 527 2997 640 3068; x_wconf 88' lang='lat' dir='ltr'>Quodsi</span> <span class='ocrx_word' id='word_1_224' title='bbox 661 2998 712 3059; x_wconf 90' lang='lat' dir='ltr'>hic</span> <span class='ocrx_word' id='word_1_225' title='bbox 734 3000 796 3059; x_wconf 90' lang='lat' dir='ltr'>illie</span> <span class='ocrx_word' id='word_1_226' title='bbox 814 3001 962 3078; x_wconf 90' lang='lat' dir='ltr'>quaedam</span> <span class='ocrx_word' id='word_1_227' title='bbox 981 3001 1060 3080; x_wconf 90' lang='lat' dir='ltr'>apud</span> <span class='ocrx_word' id='word_1_228' title='bbox 1079 2998 1221 3067; x_wconf 90' lang='lat' dir='ltr'>Paulum,</span> <span class='ocrx_word' id='word_1_229' title='bbox 1242 2997 1331 3067; x_wconf 91' lang='lat' dir='ltr'>alios,</span> 
     </span>
     <span class='ocr_line' id='line_1_27' title="bbox 197 3101 1331 3182; baseline -0.002 -20"><span class='ocrx_word' id='word_1_230' title='bbox 197 3112 377 3171; x_wconf 89' lang='lat' dir='ltr'>occurrunt,</span> <span class='ocrx_word' id='word_1_231' title='bbox 404 3102 442 3161; x_wconf 93' lang='lat' dir='ltr'>de</span> <span class='ocrx_word' id='word_1_232' title='bbox 470 3101 580 3180; x_wconf 91' lang='lat' dir='ltr'>quibus</span> <span class='ocrx_word' id='word_1_233' title='bbox 602 3102 687 3162; x_wconf 91' lang='lat' dir='ltr'>dubii</span> <span class='ocrx_word' id='word_1_234' title='bbox 708 3101 885 3172; x_wconf 91' lang='lat' dir='ltr'>haeremus,</span> <span class='ocrx_word' id='word_1_235' title='bbox 911 3105 1010 3164; x_wconf 89' lang='lat' dir='ltr'>sintnc</span> <span class='ocrx_word' id='word_1_236' title='bbox 1040 3122 1074 3163; x_wconf 91' lang='lat' dir='ltr'>ea</span> <span class='ocrx_word' id='word_1_237' title='bbox 1097 3103 1134 3163; x_wconf 93' lang='lat' dir='ltr'>ad</span> <span class='ocrx_word' id='word_1_238' title='bbox 1164 3101 1331 3182; x_wconf 88' lang='lat' dir='ltr'>perlectum</span> 
     </span>
     <span class='ocr_line' id='line_1_28' title="bbox 196 3202 1372 3284; baseline -0.001 -21"><span class='ocrx_word' id='word_1_239' title='bbox 196 3202 349 3263; x_wconf 86' lang='lat' dir='ltr'>Ecclesiae</span> <span class='ocrx_word' id='word_1_240' title='bbox 367 3203 537 3281; x_wconf 89' lang='lat' dir='ltr'>exemplar,</span> <span class='ocrx_word' id='word_1_241' title='bbox 559 3222 597 3263; x_wconf 90' lang='lat' dir='ltr'>an</span> <span class='ocrx_word' id='word_1_242' title='bbox 615 3222 688 3264; x_wconf 91' lang='lat' dir='ltr'>vero</span> <span class='ocrx_word' id='word_1_243' title='bbox 706 3205 744 3264; x_wconf 89' lang='lat' dir='ltr'>ad</span> <span class='ocrx_word' id='word_1_244' title='bbox 762 3205 968 3266; x_wconf 87' lang='lat' dir='ltr'>conditionem</span> <span class='ocrx_word' id='word_1_245' title='bbox 988 3205 1146 3284; x_wconf 89' lang='lat' dir='ltr'>temporis,</span> <span class='ocrx_word' id='word_1_246' title='bbox 1168 3222 1228 3283; x_wconf 92' lang='lat' dir='ltr'>quo</span> <span class='ocrx_word' id='word_1_247' title='bbox 1249 3203 1330 3264; x_wconf 89' lang='lat' dir='ltr'>vive·</span> <span class='ocrx_word' id='word_1_248' title='bbox 1369 3217 1372 3221; x_wconf 88' lang='grc'><strong><em>·</em></strong></span> 
     </span>
     <span class='ocr_line' id='line_1_29' title="bbox 197 3306 1332 3376; baseline -0.001 -9"><span class='ocrx_word' id='word_1_249' title='bbox 197 3307 288 3376; x_wconf 91' lang='lat' dir='ltr'>bant,</span> <span class='ocrx_word' id='word_1_250' title='bbox 317 3306 492 3376; x_wconf 85' lang='lat' dir='ltr'>referenda,</span> <span class='ocrx_word' id='word_1_251' title='bbox 522 3307 645 3367; x_wconf 88' lang='lat' dir='ltr'>obvium</span> <span class='ocrx_word' id='word_1_252' title='bbox 667 3317 713 3367; x_wconf 90' lang='lat' dir='ltr'>est</span> <span class='ocrx_word' id='word_1_253' title='bbox 735 3308 957 3369; x_wconf 88' lang='lat' dir='ltr'>dubitationem</span> <span class='ocrx_word' id='word_1_254' title='bbox 978 3309 1059 3368; x_wconf 89' lang='lat' dir='ltr'>illam</span> <span class='ocrx_word' id='word_1_255' title='bbox 1082 3307 1244 3368; x_wconf 89' lang='lat' dir='ltr'>cohaerere</span> <span class='ocrx_word' id='word_1_256' title='bbox 1262 3325 1332 3367; x_wconf 90' lang='lat' dir='ltr'>cum</span> 
     </span>
     <span class='ocr_line' id='line_1_30' title="bbox 198 3409 1331 3491; baseline -0.001 -20"><span class='ocrx_word' id='word_1_257' title='bbox 198 3429 302 3471; x_wconf 90' lang='lat' dir='ltr'>eorum</span> <span class='ocrx_word' id='word_1_258' title='bbox 333 3411 421 3488; x_wconf 89' lang='lat' dir='ltr'>regni</span> <span class='ocrx_word' id='word_1_259' title='bbox 452 3410 588 3470; x_wconf 87' lang='lat' dir='ltr'>messiaci</span> <span class='ocrx_word' id='word_1_260' title='bbox 620 3412 755 3490; x_wconf 85' lang='lat' dir='ltr'>proxime</span> <span class='ocrx_word' id='word_1_261' title='bbox 784 3411 926 3472; x_wconf 91' lang='lat' dir='ltr'>instantis</span> <span class='ocrx_word' id='word_1_262' title='bbox 957 3412 1191 3491; x_wconf 84' lang='lat' dir='ltr'>exspectatione.</span> <span class='ocrx_word' id='word_1_263' title='bbox 1244 3409 1331 3480; x_wconf 88' lang='lat' dir='ltr'>Quod</span> 
     </span>
     <span class='ocr_line' id='line_1_31' title="bbox 197 3511 1329 3594; baseline -0.002 -20"><span class='ocrx_word' id='word_1_264' title='bbox 197 3514 401 3593; x_wconf 88' lang='lat' dir='ltr'>apostolorum</span> <span class='ocrx_word' id='word_1_265' title='bbox 429 3523 559 3574; x_wconf 87' lang='lat' dir='ltr'>aetatem</span> <span class='ocrx_word' id='word_1_266' title='bbox 591 3516 709 3594; x_wconf 85' lang='lat' dir='ltr'>excepit</span> <span class='ocrx_word' id='word_1_267' title='bbox 730 3517 883 3576; x_wconf 87' lang='lat' dir='ltr'>saeculum</span> <span class='ocrx_word' id='word_1_268' title='bbox 905 3515 1011 3575; x_wconf 92' lang='lat' dir='ltr'>ubiubi</span> <span class='ocrx_word' id='word_1_269' title='bbox 1030 3516 1112 3576; x_wconf 90' lang='lat' dir='ltr'>nasei</span> <span class='ocrx_word' id='word_1_270' title='bbox 1134 3515 1210 3575; x_wconf 89' lang='lat' dir='ltr'>vidit</span> <span class='ocrx_word' id='word_1_271' title='bbox 1229 3511 1329 3573; x_wconf 87' lang='lat' dir='ltr'>Eccle-</span> 
     </span>
     <span class='ocr_line' id='line_1_32' title="bbox 198 3617 1329 3688; baseline -0.002 -11"><span class='ocrx_word' id='word_1_272' title='bbox 198 3618 303 3686; x_wconf 90' lang='lat' dir='ltr'>siolas,</span> <span class='ocrx_word' id='word_1_273' title='bbox 321 3619 352 3676; x_wconf 89' lang='lat' dir='ltr'>in</span> <span class='ocrx_word' id='word_1_274' title='bbox 365 3617 430 3676; x_wconf 91' lang='lat' dir='ltr'>dies</span> <span class='ocrx_word' id='word_1_275' title='bbox 441 3635 567 3677; x_wconf 87' lang='lat' dir='ltr'>nurnero</span> <span class='ocrx_word' id='word_1_276' title='bbox 579 3629 681 3677; x_wconf 90' lang='lat' dir='ltr'>auctas</span> <span class='ocrx_word' id='word_1_277' title='bbox 697 3628 728 3678; x_wconf 92' lang='lat' dir='ltr'>et</span> <span class='ocrx_word' id='word_1_278' title='bbox 742 3619 866 3688; x_wconf 89' lang='lat' dir='ltr'>robore,</span> <span class='ocrx_word' id='word_1_279' title='bbox 878 3619 934 3679; x_wconf 91' lang='lat' dir='ltr'>sihi</span> <span class='ocrx_word' id='word_1_280' title='bbox 950 3620 1078 3679; x_wconf 86' lang='lat' dir='ltr'>invicem</span> <span class='ocrx_word' id='word_1_281' title='bbox 1089 3620 1329 3686; x_wconf 73' lang='grc' dir='ltr'><strong><em>ἀνυπευθύνους,</em></strong></span> 
     </span>
     <span class='ocr_line' id='line_1_33' title="bbox 198 3719 1332 3801; baseline -0.002 -21"><span class='ocrx_word' id='word_1_282' title='bbox 198 3721 369 3801; x_wconf 91' lang='lat' dir='ltr'>plenissima</span> <span class='ocrx_word' id='word_1_283' title='bbox 396 3721 563 3800; x_wconf 90' lang='lat' dir='ltr'>gaudentes</span> <span class='ocrx_word' id='word_1_284' title='bbox 586 3722 775 3790; x_wconf 88' lang='lat' dir='ltr'>autonomia,</span> <span class='ocrx_word' id='word_1_285' title='bbox 803 3724 955 3782; x_wconf 89' lang='lat' dir='ltr'>eommuni</span> <span class='ocrx_word' id='word_1_286' title='bbox 977 3741 1049 3783; x_wconf 89' lang='lat' dir='ltr'>vero</span> <span class='ocrx_word' id='word_1_287' title='bbox 1077 3723 1253 3782; x_wconf 87' lang='lat' dir='ltr'>coniunctas</span> <span class='ocrx_word' id='word_1_288' title='bbox 1275 3719 1332 3779; x_wconf 90' lang='lat' dir='ltr'>ori·</span> 
     </span>
     <span class='ocr_line' id='line_1_34' title="bbox 198 3823 1331 3905; baseline -0.003 -21"><span class='ocrx_word' id='word_1_289' title='bbox 198 3825 286 3904; x_wconf 84' lang='lat' dir='ltr'>gine,</span> <span class='ocrx_word' id='word_1_290' title='bbox 318 3823 440 3894; x_wconf 90' lang='lat' dir='ltr'>eodem,</span> <span class='ocrx_word' id='word_1_291' title='bbox 475 3843 535 3904; x_wconf 92' lang='lat' dir='ltr'>quo</span> <span class='ocrx_word' id='word_1_292' title='bbox 565 3825 748 3894; x_wconf 87' lang='lat' dir='ltr'>tendebant,</span> <span class='ocrx_word' id='word_1_293' title='bbox 780 3824 857 3894; x_wconf 89' lang='lat' dir='ltr'>line,</span> <span class='ocrx_word' id='word_1_294' title='bbox 885 3827 980 3905; x_wconf 89' lang='lat' dir='ltr'>magis</span> <span class='ocrx_word' id='word_1_295' title='bbox 1002 3827 1093 3886; x_wconf 87' lang='lat' dir='ltr'>etiarn</span> <span class='ocrx_word' id='word_1_296' title='bbox 1115 3825 1204 3885; x_wconf 90' lang='lat' dir='ltr'>simili</span> <span class='ocrx_word' id='word_1_297' title='bbox 1226 3832 1331 3883; x_wconf 91' lang='lat' dir='ltr'>contra</span> 
     </span>
     <span class='ocr_line' id='line_1_35' title="bbox 197 3925 1331 3990; baseline -0.004 -2"><span class='ocrx_word' id='word_1_298' title='bbox 197 3947 385 3990; x_wconf 88' lang='lat' dir='ltr'>communem</span> <span class='ocrx_word' id='word_1_299' title='bbox 413 3929 531 3989; x_wconf 90' lang='lat' dir='ltr'>hostem</span> <span class='ocrx_word' id='word_1_300' title='bbox 566 3928 716 3989; x_wconf 86' lang='lat' dir='ltr'>indefesso</span> <span class='ocrx_word' id='word_1_301' title='bbox 744 3929 917 3988; x_wconf 89' lang='lat' dir='ltr'>certamine.</span> <span class='ocrx_word' id='word_1_302' title='bbox 969 3927 1038 3989; x_wconf 84' lang='lat' dir='ltr'>Mox</span> <span class='ocrx_word' id='word_1_303' title='bbox 1069 3931 1101 3989; x_wconf 93' lang='lat' dir='ltr'>in</span> <span class='ocrx_word' id='word_1_304' title='bbox 1129 3927 1236 3988; x_wconf 89' lang='lat' dir='ltr'>iisdem</span> <span class='ocrx_word' id='word_1_305' title='bbox 1271 3925 1331 3984; x_wconf 91' lang='lat' dir='ltr'>illis</span> 
     </span>
     <span class='ocr_line' id='line_1_36' title="bbox 199 4025 1330 4112; baseline -0.004 -20"><span class='ocrx_word' id='word_1_306' title='bbox 199 4031 371 4094; x_wconf 88' lang='lat' dir='ltr'>Ecclesiolis</span> <span class='ocrx_word' id='word_1_307' title='bbox 399 4032 505 4092; x_wconf 87' lang='lat' dir='ltr'>surtirn</span> <span class='ocrx_word' id='word_1_308' title='bbox 530 4031 676 4111; x_wconf 88' lang='lat' dir='ltr'>primurn,</span> <span class='ocrx_word' id='word_1_309' title='bbox 704 4050 774 4091; x_wconf 79' lang='lat' dir='ltr'>mox</span> <span class='ocrx_word' id='word_1_310' title='bbox 806 4033 886 4091; x_wconf 89' lang='lat' dir='ltr'>laete</span> <span class='ocrx_word' id='word_1_311' title='bbox 918 4033 1197 4112; x_wconf 87' lang='lat' dir='ltr'>propulullavernnt</span> <span class='ocrx_word' id='word_1_312' title='bbox 1229 4025 1330 4088; x_wconf 86' lang='lat' dir='ltr'>catho-</span> 
     </span>
     <span class='ocr_line' id='line_1_37' title="bbox 198 4133 1330 4214; baseline -0.004 -19"><span class='ocrx_word' id='word_1_313' title='bbox 198 4136 273 4195; x_wconf 90' lang='lat' dir='ltr'>licae</span> <span class='ocrx_word' id='word_1_314' title='bbox 296 4133 446 4194; x_wconf 84' lang='lat' dir='ltr'>Ecclesiae</span> <span class='ocrx_word' id='word_1_315' title='bbox 468 4135 598 4204; x_wconf 89' lang='lat' dir='ltr'>semina,</span> <span class='ocrx_word' id='word_1_316' title='bbox 625 4153 702 4213; x_wconf 89' lang='lat' dir='ltr'>quae</span> <span class='ocrx_word' id='word_1_317' title='bbox 724 4133 866 4214; x_wconf 85' lang='lat' dir='ltr'>Cypriani</span> <span class='ocrx_word' id='word_1_318' title='bbox 895 4135 1017 4194; x_wconf 90' lang='lat' dir='ltr'>demum</span> <span class='ocrx_word' id='word_1_319' title='bbox 1042 4144 1178 4212; x_wconf 91' lang='lat' dir='ltr'>tempore</span> <span class='ocrx_word' id='word_1_320' title='bbox 1210 4133 1330 4194; x_wconf 90' lang='lat' dir='ltr'>eodem·</span> 
     </span>
     <span class='ocr_line' id='line_1_38' title="bbox 199 4233 1330 4318; baseline -0.004 -20"><span class='ocrx_word' id='word_1_321' title='bbox 199 4257 257 4317; x_wconf 92' lang='lat' dir='ltr'>que</span> <span class='ocrx_word' id='word_1_322' title='bbox 285 4237 403 4297; x_wconf 92' lang='lat' dir='ltr'>lautore</span> <span class='ocrx_word' id='word_1_323' title='bbox 431 4239 560 4298; x_wconf 83' lang='lat' dir='ltr'>maxime</span> <span class='ocrx_word' id='word_1_324' title='bbox 583 4257 616 4298; x_wconf 89' lang='lat' dir='ltr'>ac</span> <span class='ocrx_word' id='word_1_325' title='bbox 638 4250 765 4318; x_wconf 88' lang='lat' dir='ltr'>patrono</span> <span class='ocrx_word' id='word_1_326' title='bbox 787 4238 825 4298; x_wconf 92' lang='lat' dir='ltr'>ad</span> <span class='ocrx_word' id='word_1_327' title='bbox 846 4239 1053 4298; x_wconf 86' lang='lat' dir='ltr'>maturitatem</span> <span class='ocrx_word' id='word_1_328' title='bbox 1074 4238 1220 4317; x_wconf 90' lang='lat' dir='ltr'>pervenit.</span> <span class='ocrx_word' id='word_1_329' title='bbox 1254 4233 1330 4305; x_wconf 88' lang='lat' dir='ltr'>Qua·</span> 
     </span>
     <span class='ocr_line' id='line_1_39' title="bbox 199 4338 1332 4420; baseline -0.003 -19"><span class='ocrx_word' id='word_1_330' title='bbox 199 4341 236 4401; x_wconf 95' lang='lat' dir='ltr'>lis</span> <span class='ocrx_word' id='word_1_331' title='bbox 265 4350 366 4400; x_wconf 89' lang='lat' dir='ltr'>autem</span> <span class='ocrx_word' id='word_1_332' title='bbox 388 4339 534 4401; x_wconf 85' lang='lat' dir='ltr'>catholica</span> <span class='ocrx_word' id='word_1_333' title='bbox 555 4343 612 4401; x_wconf 91' lang='lat' dir='ltr'>ista</span> <span class='ocrx_word' id='word_1_334' title='bbox 634 4339 786 4400; x_wconf 79' lang='lat' dir='ltr'>Ecclesia?</span> <span class='ocrx_word' id='word_1_335' title='bbox 829 4338 1000 4419; x_wconf 91' lang='lat' dir='ltr'>Splendidis</span> <span class='ocrx_word' id='word_1_336' title='bbox 1022 4341 1167 4401; x_wconf 89' lang='lat' dir='ltr'>adornata</span> <span class='ocrx_word' id='word_1_337' title='bbox 1189 4339 1332 4420; x_wconf 90' lang='lat' dir='ltr'>epithetis</span> 
     </span>
     <span class='ocr_line' id='line_1_40' title="bbox 199 4441 1332 4526; baseline -0.001 -22"><span class='ocrx_word' id='word_1_338' title='bbox 199 4444 341 4512; x_wconf 91' lang='lat' dir='ltr'>unitatis,</span> <span class='ocrx_word' id='word_1_339' title='bbox 381 4443 565 4512; x_wconf 77' lang='lat' dir='ltr'>sanctitatis,</span> <span class='ocrx_word' id='word_1_340' title='bbox 597 4443 825 4523; x_wconf 87' lang='lat' dir='ltr'>apostolicitatis</span> <span class='ocrx_word' id='word_1_341' title='bbox 856 4441 989 4503; x_wconf 83' lang='lat' dir='ltr'>Ecclesia</span> <span class='ocrx_word' id='word_1_342' title='bbox 1021 4443 1168 4504; x_wconf 86' lang='lat' dir='ltr'>catholica</span> <span class='ocrx_word' id='word_1_343' title='bbox 1200 4443 1332 4526; x_wconf 59' lang='lat' dir='ltr'>humana</span> 
     </span>
    </p>
   </div>
   <div class='ocr_carea' id='block_1_7' title="bbox 199 4545 1333 4683">
    <p class='ocr_par' dir='ltr' id='par_1_7' title="bbox 199 4545 1333 4683">
     <span class='ocr_line' id='line_1_41' title="bbox 199 4545 1333 4627; baseline -0.001 -20"><span class='ocrx_word' id='word_1_344' title='bbox 199 4547 382 4609; x_wconf 85' lang='lat' dir='ltr'>lallibilitate</span> <span class='ocrx_word' id='word_1_345' title='bbox 411 4556 568 4626; x_wconf 87' lang='lat' dir='ltr'>expertem</span> <span class='ocrx_word' id='word_1_346' title='bbox 593 4564 625 4608; x_wconf 85' lang='lat' dir='ltr'>se</span> <span class='ocrx_word' id='word_1_347' title='bbox 654 4547 749 4608; x_wconf 90' lang='lat' dir='ltr'>solam</span> <span class='ocrx_word' id='word_1_348' title='bbox 777 4547 810 4608; x_wconf 92' lang='lat' dir='ltr'>in</span> <span class='ocrx_word' id='word_1_349' title='bbox 835 4556 1023 4627; x_wconf 86' lang='lat' dir='ltr'>peccatorem</span> <span class='ocrx_word' id='word_1_350' title='bbox 1044 4547 1173 4608; x_wconf 83' lang='lat' dir='ltr'>salutern</span> <span class='ocrx_word' id='word_1_351' title='bbox 1194 4545 1333 4607; x_wconf 82' lang='lat' dir='ltr'>conferre</span> 
     </span>
     <span class='ocr_line' id='line_1_42' title="bbox 1107 4647 1233 4683; baseline 0 0"><span class='ocrx_word' id='word_1_352' title='bbox 1107 4647 1110 4654; x_wconf 82' lang='grc'>’</span> <span class='ocrx_word' id='word_1_353' title='bbox 1221 4648 1233 4683; x_wconf 83' lang='lat'>2</span> 
     </span>
    </p>
   </div>
   <div class='ocr_carea' id='block_1_8' title="bbox 0 0 1623 5102">
    <p class='ocr_par' dir='ltr' id='par_1_8' title="bbox 0 0 1623 5102">
     <span class='ocr_line' id='line_1_43' title="bbox 0 0 1623 5102; baseline 0 0"><span class='ocrx_word' id='word_1_354' title='bbox 0 0 1623 5102; x_wconf 95' lang='lat' dir='ltr'> </span> 
     </span>
    </p>
   </div>
  </div>
 </body>
</html>
