3240 5100
730 239 789 307 tae

194 439 337 508 Continet
358 447 440 508 illius
462 447 580 509 articuli
602 448 814 529 interpretatio
840 446 916 508 hoec
937 446 1011 508 duo:
1045 444 1085 506 l⁰.
1108 443 1221 506 »credo
1244 441 1328 506 Chri·

195 561 297 612 »stum
325 551 467 613 habuisse
495 553 533 613 ab
554 553 618 633 ipso
639 553 746 613 mundi
768 551 871 621 initio,
899 551 1072 631 habereque
1102 551 1275 611 etiamnunc
1296 557 1328 609 et

194 672 313 733 »usquc
332 655 369 716 ad
392 656 502 715 saeculi
522 655 810 715 consummationem
828 653 1004 714 habiturum
1026 671 1091 714 esse
1113 661 1233 713 coetum
1254 652 1327 714 lida·

194 759 326 828 »lium,'’
347 768 378 818 et
409 759 450 819 2⁰.
481 760 534 819 ain
563 760 671 819 intimo
700 769 821 840 pectore
846 758 944 818 sentio
965 767 997 818 et
1018 775 1164 838 agnosco,
1185 775 1234 816 me
1256 775 1328 836 quo·

194 881 284 941 »que
297 861 388 922 huius
410 861 561 923 Ecclesiae
582 862 750 923 membrum
773 880 838 922 esse
859 861 919 943 ¹⁰)'’.
944 861 1071 921 Ecclesia
1093 861 1201 942 igitur:

233 966 275 1025 2⁰.
303 983 363 1026 orto
391 975 454 1036 est,
482 985 575 1046 qnare
605 967 746 1026 alacriter
773 967 879 1026 incitat
902 963 1022 1034 fideles,
1051 967 1085 1024 ut
1107 963 1273 1025 defendant
1294 981 1328 1026 ao

193 1080 390 1150 promoveant
420 1071 480 1131 »de
499 1071 703 1151 waeracbtige
722 1069 840 1131 Kerche
862 1068 954 1139 Gods,
976 1115 999 1128 ..
1021 1068 1068 1128 die
1089 1069 1228 1129 atocbtoos
1248 1087 1328 1129 muer

193 1193 302 1235 »ccccc
325 1174 409 1234 otoch
431 1189 521 1235 acesco
540 1175 610 1255 ⁰1)‚''
641 1185 672 1234 et
700 1175 801 1254 paullo
829 1171 956 1234 inferius
984 1174 1095 1234 iterum
1125 1173 1235 1253 premit
1267 1174 1327 1236 ade

193 1278 333 1358 »emiplc
353 1278 579 1358 waernchtigbe
602 1277 720 1339 Kereke
742 1277 823 1338 Gods
843 1278 914 1359 ⁰²);”
941 1289 1032 1357 atque
1061 1278 1256 1338 »consultum
1277 1297 1327 1338 cu·

193 1382 280 1463 ep(it)
297 1381 404 1442 achati
424 1380 581 1451 Ecclesiae,
599 1383 667 1462 plus
681 1383 753 1444 sotis
772 1383 884 1462 alioqui
901 1381 1048 1442 hactenus
1059 1382 1253 1462 perturbatae
1266 1382 1328 1464 13).”

194 1487 323 1547 Ecclesia
363 1505 473 1548 »onom
502 1505 604 1566 corpus
633 1494 856 1567 compactorum,
888 1505 949 1547 non
982 1497 1084 1547 autem
1116 1485 1328 1547 dissidentium

194 1609 338 1670 »quoquo
359 1592 449 1652 modo
470 1592 676 1652 membrorum
698 1609 764 1652 esse
787 1600 906 1672 oportet
926 1589 987 1673 ¹⁰).”

234 1695 278 1756 3⁰.
308 1696 439 1756 Ecclesia
468 1695 594 1756 nondum
623 1702 724 1756 soocta
752 1705 815 1765 est,
851 1715 920 1756 nam
953 1694 1082 1754 affirmat
1109 1703 1213 1754 noster
1246 1713 1329 1755 anon

195 1817 303 1878 »posse
332 1817 398 1858 esse
427 1799 519 1867 ullam
548 1800 579 1858 in
609 1800 699 1860 terris
729 1799 791 1860 sioc
817 1806 931 1878 peccota
954 1799 1129 1867 Ecclesiam,
1158 1808 1189 1858 et
1210 1813 1328 1867 omnm,

194 1902 269 1981 eqni
291 1902 382 1961 talem
404 1919 470 1962 esse
491 1902 656 1972 somniant,
679 1902 880 1982 advers(atur)
897 1900 959 1983 ¹⁰).’'
1002 1899 1110 1961 ldealis
1132 1916 1204 1962 vero
1231 1895 1329 1961 Eccle-

194 2007 237 2066 sia
267 2013 368 2065 aoocto
395 2016 455 2075 cet,
487 2006 629 2085 quoniam
661 2005 885 2086 sghehcylight
914 2005 940 2065 is
967 2005 1043 2065 door
1071 2005 1131 2066 alen
1162 2003 1329 2085 heyligben

195 2108 325 2189 agbeest
344 2109 413 2191 ¹⁰)ss
446 2111 506 2170 »de
529 2109 748 2190 ghernecnscap
770 2111 795 2170 is
814 2110 869 2169 der
886 2107 1053 2190 heylighen
1073 2108 1147 2188 17),”
1171 2117 1202 2168 et
1231 2125 1329 2188 »reyn

195 2213 243 2277 ais
272 2213 350 2274 ende
379 2212 502 2293 heylieb
532 2214 608 2274 door
635 2213 688 2274 het
717 2213 866 2294 ghclooue
895 2213 927 2272 in
960 2211 1114 2272 Christum
1142 2209 1217 2271 haer
1244 2211 1330 2272 hoolt

196 2317 297 2378 »ende
326 2317 533 2398 bruydegom,
561 2327 644 2378 ruant
673 2317 772 2398 gheen
801 2317 895 2378 sende
924 2315 1002 2376 noch
1025 2315 1248 2396 cureyoichcyt
1269 2316 1330 2376 han

196 2421 250 2481 »in
272 2419 392 2482 Christo
414 2422 474 2482 den
496 2420 574 2482 Sene
597 2420 677 2482 Gods
699 2425 755 2500 siju
775 2422 840 2503 ⁰⁰).''

235 2526 276 2585 4⁰.
308 2527 439 2587 Ecclesia
460 2536 506 2587 est
527 2525 684 2598 catholico,
717 2535 824 2588 »want
852 2525 906 2586 het
932 2525 1095 2610 Euangelie
1123 2525 1221 2586 werdt
1251 2527 1331 2587 allen

198 2630 383 2692 »menschen
408 2631 626 2701 verkondicht,
653 2631 786 2712 ghelijclc
813 2631 868 2692 het
897 2628 972 2690 ooek
1001 2627 1080 2691 allen
1107 2629 1272 2691 menschen
1299 2631 1332 2690 in

197 2735 290 2796 »hem
311 2735 441 2816 begrlJ'pt
462 2735 536 2814 ¹⁰),''
567 2746 598 2796 et
631 2737 784 2796 »Ecclesia
807 2753 907 2814 neque
933 2735 1120 2816 temporibus
1142 2736 1211 2796 ullis
1232 2747 1333 2814 neque

198 2840 293 2900 »locis
322 2839 527 2900 circumscribi
555 2850 655 2920 potest
673 2839 742 2920 ⁰⁰).''
787 2837 889 2900 »Deus
921 2839 1029 2921 (enirn)
1060 2841 1102 2900 ita
1134 2849 1272 2900 nostrum
1300 2840 1332 2900 in

199 2945 332 3004 „nostris
353 2945 483 3024 peccatis
503 2944 646 3005 misertos
668 2954 729 3015 est,
750 2954 786 3004 ut
807 2945 959 3004 nerninem
978 2945 1116 3015 omnino,
1137 2944 1232 3026 (quod
1250 2945 1282 3007 iu
1300 2961 1332 3005 se

199 3047 293 3128 aest),
312 3067 329 3108 a
351 3067 403 3109 sua
425 3049 632 3110 misericordia
651 3049 793 3110 excludat
812 3048 882 3130 ²⁰).''

299 3211 320 3292 6
341 3212 368 3270 9.
411 3211 517 3282 Notoc,
539 3213 640 3293 quibas
661 3230 729 3274 occo
747 3211 879 3272 Ecclesia
899 3229 919 3272 o
939 3211 1020 3290 soleo
1040 3211 1232 3290 diprtoscotor.

240 3356 401 3449 Natarum,
424 3361 533 3440 quibus
556 3380 572 3421 a
593 3360 666 3421 salsa
688 3379 758 3422 vera
788 3357 918 3422 Ecclesia
946 3361 1156 3441 dignoscatur,
1184 3362 1333 3443 triplicem

200 3462 216 3524 6
238 3461 332 3525 Lusco
353 3464 385 3525 in
407 3466 527 3546 scriptis
549 3466 612 3527 suis
633 3466 743 3526 seriem
764 3465 852 3526 nobis
873 3464 1060 3546 suppeditat:

232 3697 262 3762 ¹⁰)
279 3698 365 3750 Formo
383 3714 412 3748 oc
429 3701 476 3749 rot.
494 3699 550 3750 min.
568 3689 642 3750 lond.
661 3715 684 3764 p.
703 3697 759 3753 176.
781 3698 817 3750 ef.
837 3699 889 3748 eet.
906 3697 981 3748 Lond.
998 3698 1054 3747 mci.
1071 3709 1095 3760 p.
1113 3696 1153 3750 76.

230 3782 262 3845 ¹¹)
284 3782 352 3847 Coos.
363 3781 427 3847 fidei
442 3793 466 3844 p.
484 3776 507 3829 2.
526 3781 660 3841 (euersos.
677 3791 700 3844 p.
719 3779 794 3843 236).
929 3780 961 3842 ¹⁰)
980 3779 1011 3829 Iu
1027 3778 1123 3831 ricinis.

243 3865 274 3928 ¹³)
291 3867 334 3931 Ep.
352 3864 387 3913 ad
397 3864 464 3914 Dav.
486 3864 569 3927 Georp.
588 3864 647 3924 (Sar.
665 3867 716 3913 aot.
734 3863 768 3913 Π.
787 3865 822 3914 1³.
841 3863 917 3927 506.).

233 3945 263 4010 ¹⁰)
282 3949 368 3998 Formo
390 3959 419 3994 ac
439 3948 486 3995 rat.
507 3944 563 3994 mio.
585 3945 659 3996 Lond.
682 3961 706 4009 p.
729 3946 786 3996 164.
809 3945 846 3996 ef.
869 3945 901 3997 ib.
926 3962 950 4012 p.
967 3945 1028 4007 547;
1050 3947 1125 4014 Purq.
1148 3943 1335 4010 mim'Froncof.

203 4045 226 4095 p.
246 4030 292 4089 10,
309 4029 354 4087 26,
373 4028 413 4077 48.

232 4112 262 4174 ¹⁰)
280 4111 349 4161 Adm.
367 4111 402 4160 od
419 4112 489 4161 Cone.
508 4109 654 4174 Noviomapi.
673 4110 762 4175 (Simpl.
780 4126 810 4160 cc
819 4111 867 4176 fid.
885 4127 951 4162 narr.
969 4128 992 4177 p.
1011 4112 1070 4174 61.).
1088 4111 1125 4164 Cl.
1142 4112 1229 4164 Formo
1245 4125 1274 4162 oc
1289 4113 1336 4162 rot.

202 4195 262 4244 min.
275 4193 351 4243 lond.
369 4209 393 4257 p.
412 4191 474 4252 183,
492 4191 541 4241 346
559 4194 583 4240 et
603 4193 654 4242 Cat.
672 4188 748 4242 Load.
767 4193 822 4242 moi.
839 4207 864 4256 p.
882 4183 922 4253 77,
940 4187 980 4246 79.

233 4275 263 4338 ¹⁰)
285 4277 336 4324 Oet.
354 4275 424 4326 Laod
439 4275 494 4325 mai.
512 4289 536 4338 p.
555 4271 595 4326 76.
697 4273 727 4337 ¹⁷)
745 4275 832 4324 Formo
849 4290 878 4325 nc
895 4276 942 4329 rat.
959 4276 1016 4330 otio.
1033 4275 1108 4329 bend.
1125 4293 1148 4343 p.
1167 4270 1224 4332 iil.

234 4357 264 4420 ¹⁸)
285 4357 337 4408 eet.
355 4357 430 4409 Eond.
448 4357 504 4408 mai.
522 4371 545 4420 p.
564 4354 603 4408 79.
705 4357 736 4420 ¹⁰)
755 4356 791 4407 lb.
809 4373 833 4422 p.
853 4358 892 4408 80.

233 4439 264 4501 ⁰⁰)
283 4439 327 4504 Ep.
346 4439 380 4489 ad
398 4441 452 4491 Son.
470 4441 523 4490 Pol.
543 4440 602 4501 (Scr.
620 4439 736 4492 666111.
755 4439 790 4491 1¹.
810 4439 884 4503 100.).
903 4439 938 4490 Ol.
959 4441 1028 4508 Confi
1038 4441 1103 4507 fidei
1119 4458 1142 4507 p.
1162 4444 1184 4498 8.
1204 4446 1337 4508 (erumnae.

204 4536 228 4586 p.
247 4521 323 4586 244).
425 4523 457 4587 ⁰¹)
476 4524 561 4577 Formo
578 4537 608 4574 oc
624 4526 671 4574 rol.
689 4523 744 4577 ocio.
762 4523 837 4576 Lccd.
854 4538 878 4587 p.
896 4523 953 4580 375.
