3240 5100
744 307 782 368 93

199 515 277 576 4558
306 511 435 574 Generis
468 511 603 572 condidit
622 509 660 593 ¹),
688 519 720 568 et
749 526 826 587 quae
855 515 1012 584 tantopere
1038 499 1133 562 valuit
1155 495 1193 558 ad
1215 493 1330 556 Caluini

197 618 365 680 doctrinam
388 615 468 675 loros
490 614 582 674 etiam
603 608 869 692 propagandam2).
903 605 997 676 Quam
1016 602 1142 684 cupidus
1163 600 1226 679 ipse
1248 605 1330 666 erat,

197 732 232 782 ut
253 731 418 782 sectatores
440 719 486 778 sui
508 718 574 778 eliis
596 732 715 796 quoque
738 712 878 774 Ecclesiis
900 708 1153 791 praeficerentur,
1175 704 1212 764 de
1238 699 1330 761 Fran-

197 827 242 886 cia
271 827 351 886 clare
380 843 435 884 nos
464 823 575 884 docent
602 819 678 879 baec
706 819 772 878 eius
800 815 909 885 verba,
938 833 975 875 ex
1004 811 1146 892 epistola,
1175 825 1264 886 quam
1292 803 1330 864 ad

197 929 404 1010 Bullingerum
427 929 526 997 misit,
548 927 718 1004 desumpta:
747 921 890 982 »Pridem
920 939 957 980 ex
979 915 1119 997 opificum
1140 909 1275 972 tabernis
1296 908 1330 967 li·

197 1035 327 1096 »brariis
356 1034 526 1113 exprimere
554 1030 651 1090 coacti
679 1047 797 1096 sumus,
830 1027 855 1085 si
883 1025 935 1104 qui
963 1019 1194 1103 reperiebantur
1221 1013 1331 1074 leviter

196 1138 307 1198 »tincti
329 1137 440 1198 litteris
463 1145 494 1196 et
515 1134 637 1214 pietatis
659 1131 797 1192 doctrina
817 1128 871 1210 Β),”
904 1126 1063 1207 »plerique
1088 1118 1256 1182 mechanici
1277 1115 1330 1176 bo·

197 1241 410 1309 amantiores,
439 1239 552 1299 dociles
580 1257 614 1298 ec
643 1237 756 1296 nullius
778 1232 958 1296 eruditionis
977 1229 1029 1310 ψ’
1073 1226 1106 1287 In
1129 1229 1330 1286 sacramento-

196 1365 264 1404 rum
281 1343 543 1404 administratione
562 1341 637 1400 nihil
658 1339 779 1400 omnino
797 1347 906 1399 notatu
924 1335 1015 1414 digna
1033 1329 1218 1396 invenimuS,
1237 1341 1330 1405 quare

196 1449 298 1508 statim
321 1447 358 1507 ad
381 1445 458 1506 Eccl.
477 1445 665 1525 disciplinam
684 1462 822 1523 pergam,
841 1441 926 1501 cuius
944 1455 1032 1498 usum
1051 1444 1201 1514 quatenus
1220 1428 1329 1490 doctri·

195 1572 265 1612 nam
288 1559 419 1631 spectat,
441 1569 533 1629 quum
555 1549 587 1608 iu
612 1547 805 1628 praecedenti
828 1545 848 1628 5
870 1542 1080 1625 exposuimuS,
1106 1556 1188 1598 nunc
1209 1535 1247 1594 ad
1268 1551 1331 1594 mo·

196 1675 245 1716 res
267 1656 367 1736 potius
389 1665 420 1715 et
442 1655 534 1716 vitam
558 1653 764 1721 attendemus,
786 1651 824 1711 ad
846 1668 936 1728 quam
961 1649 1024 1726 ipse
1045 1660 1165 1724 quoque
1187 1639 1265 1700 banc
1287 1639 1330 1697 in·

197 1760 388 1820 stitutionem
420 1759 542 1828 retulit,
578 1767 612 1816 ut
645 1757 682 1817 ad
715 1755 909 1816 sobrietatem
942 1750 1133 1812 Genevenses
1165 1750 1330 1804 revocaret.

195 1865 299 1925 Ardua
327 1883 399 1924 sane
426 1881 476 1922 res
508 1871 589 1930 erat,
622 1879 711 1940 quam
740 1877 839 1938 neque
874 1856 1015 1916 Calvinus
1046 1849 1191 1933 perficere
1222 1844 1330 1926 potuit.

198 1967 309 2030 Tamen
331 1968 403 2028 lecit
425 1967 608 2046 periculum,
630 1975 661 2025 et
684 1965 759 2025 adeo
781 1963 903 2042 quidem
924 1961 1028 2039 iugum
1051 1953 1175 2036 pressit,
1197 1961 1259 2010 tam
1280 1966 1331 2007 an·

197 2074 323 2153 gelisam
345 2073 408 2132 lere
431 2071 637 2141 sanctitatem,
665 2078 696 2128 et
718 2069 857 2128 tetricam
879 2063 984 2124 mundi
1008 2057 1240 2138 abnegationem
1262 2069 1331 2112 exe·

197 2177 241 2256 git
263 2197 279 2236 a
301 2176 475 2236 hominibus
495 2173 610 2234 mundo
632 2173 758 2251 eiusque
780 2170 896 2231 deliciis
918 2167 1006 2227 unice
1027 2163 1185 2240 hucusque
1204 2154 1331 2222 deditis,

194 2289 228 2340 ut
240 2299 382 2360 praeceps
394 2298 483 2339 ruere
495 2297 565 2337 mox
577 2277 682 2338 civitas
694 2275 862 2336 videbatur.
891 2271 947 2342 Qui
960 2270 1040 2329 enim
1053 2265 1140 2346 probi
1152 2269 1239 2322 erant
1250 2259 1331 2318 cives

194 2393 225 2442 et
254 2384 403 2444 libertatis
433 2393 585 2451 amamus,
613 2381 812 2442 destabantur
842 2389 872 2438 et
901 2372 1105 2435 abhorrebant
1134 2365 1332 2428 vehementer

195 2486 327 2547 odiosam
356 2488 439 2547 illam
467 2497 498 2546 et
527 2485 750 2546 intolerabilem
772 2480 1025 2546 dominationem,
1046 2491 1139 2552 quae,
1160 2479 1195 2530 ut
1217 2467 1330 2528 malum

193 2601 412 2670 compesceret,
435 2600 516 2650 arete
538 2590 673 2668 undique
699 2587 894 2648 domesticam
924 2598 1043 2662 quoque
1071 2576 1245 2638 libertatem
1273 2570 1329 2630 cir·

194 2693 421 2754 cumscribcbat.
455 2691 559 2772 Neque
582 2694 681 2752 minus
699 2692 810 2751 aeriter
828 2688 1015 2748 nebulonum
1037 2691 1068 2742 et
1091 2687 1244 2738 asotorum
1267 2683 1329 2734 tur·

193 2795 247 2866 ba,
276 2797 328 2876 qui
356 2797 520 2857 dissolutae
546 2796 687 2856 licentiae
710 2794 925 2874 grandisonum
945 2786 1095 2848 libertatis
1113 2799 1224 2842 nomen
1245 2795 1329 2858 prae·

194 2901 353 2970 texebant,
383 2901 570 2961 internecivo
600 2900 669 2960 odio
705 2918 774 2959 eum
811 2893 1080 2977 prosequebantur.
1122 2885 1191 2948 Mox
1223 2879 1328 2942 ambae

194 3003 339 3064 sactiones
361 3005 460 3082 copias
483 3013 513 3063 et
536 3022 618 3062 arma
640 3003 823 3070 iunxerunt,
849 3009 880 3060 et
908 2999 984 3058 duce
1010 2993 1151 3058 Perrino,
1180 2986 1266 3046 cuius
1286 2983 1328 3043 sa·

193 3108 275 3167 milia
297 3109 414 3186 ingenti
436 3107 569 3186 pollebat
591 3108 622 3167 in
645 3127 679 3166 ea
701 3106 823 3166 civitate
846 3103 959 3184 gratia,
988 3100 1025 3160 de
1047 3093 1174 3157 victoria
1202 3107 1270 3150 cum
1292 3104 1328 3146 eo

194 3211 414 3272 dimicaverunt
433 3211 463 3292 ⁵).
507 3209 657 3289 Quicquid
679 3220 780 3270 autem
802 3209 998 3272 molirentur,
1027 3201 1065 3262 de
1087 3194 1241 3279 proposito
1263 3189 1327 3250 Cal·

193 3315 282 3374 vinus
306 3333 366 3376 non
393 3315 527 3384 destitit,
546 3314 599 3374 sed
618 3313 746 3373 firmiter
771 3320 876 3371 contra
896 3305 1040 3368 sustinuit
1058 3303 1187 3367 bellum,
1206 3307 1237 3358 et
1249 3313 1327 3356 nova

191 3419 314 3498 quidem
336 3418 513 3502 disciplinae
535 3437 606 3478 suae
629 3417 786 3496 supposuit
810 3414 920 3480 lulcra,
950 3427 1043 3488 quum
1069 3407 1109 3466 ιο.
1132 3401 1206 3463 llll
1233 3395 1327 3459 aGe·

194 3525 371 3584 nevensium
394 3523 515 3583 civitate
539 3522 739 3602 perpetravit,
761 3529 795 3581 ut
817 3519 874 3578 sibi
895 3535 955 3577 una
977 3531 1044 3574 cunr
1063 3508 1161 3570 Faber
1182 3514 1213 3565 et
1235 3502 1326 3563 Roset

145 3653 148 3656 ·
193 3643 286 3686 novas
317 3627 431 3686 civitati
460 3626 597 3705 politicas
630 3624 761 3686 scribere
790 3625 872 3703 leges
904 3618 1108 3680 mandaretur.
1151 3609 1231 3672 Haec
1259 3607 1325 3666 eius

235 3834 254 3896 1)
273 3835 309 3885 Cl.
327 3835 436 3884 Bulletio
455 3834 595 3883 deludor.
614 3833 644 3882 u'e
660 3832 733 3882 l'lrirt.
751 3831 784 3882 du
799 3835 860 3895 prot.
870 3829 956 3894 froup.
974 3826 1017 3875 IV.
1033 3821 1090 3882 147,
1108 3819 1156 3870 200
1173 3820 1198 3867 et
1215 3815 1272 3866 353,
1319 3849 1321 3856 ,

234 3915 253 3978 2)
272 3928 348 3964 orsa.
366 3931 387 3964 o.
400 3915 418 3964 l.
436 3915 681 3974 458;ar.urrscan1.
702 3913 750 3964 o.l.
766 3913 816 3964 XV.
835 3911 897 3970 3273
921 3923 1001 3959 urae.
1018 3924 1040 3957 0.
1057 3905 1074 3956 l.
1097 3901 1167 3954 trab.
1185 3903 1209 3950 et
1228 3907 1324 3946 aaran

194 4013 215 4048 o.
230 3996 247 4046 l.
264 3997 285 4047 1.
305 3997 367 4055 164,
385 3995 427 4060 qui
444 4012 457 4044 e
472 3997 532 4046 Mea.
553 3997 610 4046 Gen.
624 4012 656 4047 m
674 3995 737 4045 Maii
754 3993 783 4046 ai.
800 3995 865 4044 1549
883 3993 940 4042 haec
956 3989 1051 4040 Caluini
1066 3986 1137 4037 rerba
1152 3983 1223 4034 citat:
1248 3975 1325 4034 ndum

190 4077 208 4140 ἠ
216 4079 332 4144 expendo,
354 4082 469 4144 quantum
489 4077 574 4126 habeat
595 4077 636 4126 hic
661 4061 758 4140 angelus
779 4077 876 4138 (Gener.
893 4075 934 4135 ac.)
957 4069 1073 4121 momenti
1095 4066 1125 4116 ad
1147 4057 1326 4132 propagandum

192 4161 308 4218 „Christi
324 4177 435 4224 regnum,
452 4161 538 4210 merito
555 4177 608 4210 sum
625 4159 744 4209 sollicitus
761 4159 790 4207 de
807 4173 834 4206 eo
851 4153 964 4206 ‘tuendos'
1347 4156 1349 4160 ’

234 4244 254 4303 ³)
271 4245 319 4294 Ma.
340 4245 397 4294 Gen.
416 4243 451 4291 Cf.
470 4255 564 4293 unuar.
583 4259 604 4291 o.
617 4241 633 4292 l.
652 4242 700 4292 III.
718 4241 741 4290 S.
756 4241 812 4289 483.

234 4329 254 4390 ⁴)
271 4325 398 4378 Me'moz‘rer
414 4328 444 4377 de
463 4324 550 4377 Conde'.
568 4325 603 4376 Os.
621 4337 696 4375 ursa.
714 4339 735 4374 o.
749 4323 767 4371 l.
788 4323 844 4372 484.
863 4323 888 4370 et
905 4330 1003 4368 ourzor.
1021 4331 1043 4365 o.
1055 4313 1072 4364 1.
1090 4330 1113 4378 p.
1131 4312 1188 4362 104.

234 4408 254 4471 ⁵)
273 4409 309 4460 Ol.
321 4423 396 4460 oran.
415 4408 462 4459 ο.].
474 4425 498 4472 p.
511 4409 574 4467 199,
593 4405 732 4464 all-227,
750 4403 889 4454 cac-396.
908 4412 1034 4450 cunrrou.
1052 4397 1100 4447 o.l.
1118 4395 1169 4460 pb
1184 4409 1217 4458 aq.
1229 4405 1326 4442 aaran

195 4507 215 4542 o.
225 4490 242 4540 1.
261 4491 296 4543 Π.
314 4493 437 4542 tac-39·
456 4490 504 4541 ΙΙΙ.
522 4487 646 4540 acc-tr.
664 4487 694 4538 al.
712 4491 841 4538 sedunum.
859 4500 880 4538 o.
892 4483 910 4536 l.
932 4485 955 4534 S.
974 4481 1022 4531 382
1036 4495 1069 4545 sq.
1093 4488 1216 4528 sannam
1236 4490 1258 4526 o.
1270 4473 1287 4522 l.
1305 4473 1325 4522 Ι.

196 4576 244 4632 275
263 4590 297 4642 sq.
