3240 5100
820 249 860 312 88

272 477 376 540 parum
400 473 548 516 memores
569 453 649 513 laeto
672 455 732 514 sint
753 455 853 514 animo
876 465 966 532 atque
989 453 1109 513 hilares.
1153 451 1282 531 Maligna
1304 451 1409 514 Consi·

272 563 398 622 storiam
423 559 598 619 Gcoeveose
624 577 743 618 ornnem
767 559 1006 637 persequebatur
1027 559 1234 625 saltationem,
1264 576 1408 621 columes-

271 667 435 734 sationem,
465 665 695 742 qualencunque
724 662 855 740 denique
877 661 1125 721 effervescentem
1147 661 1348 731 bilaritatem,
1374 673 1408 724 et

271 769 359 830 auxie
388 767 529 836 cavebat,
558 785 596 826 ne
619 766 699 826 ludis
721 784 753 825 sc
775 766 924 826 dederent
947 763 1155 833 Genevenses,
1177 784 1275 844 neque
1298 767 1407 828 iocosis

271 873 498 934 delectarentur
529 869 728 938 carminibus,
765 869 828 929 sive
861 869 950 928 nimis
981 868 1135 948 leporibus
1167 869 1362 948 indulgerent
1373 871 1406 952 ⁶).

271 975 305 1036 ln
327 993 446 1035 morum
465 992 584 1054 quoque
603 973 851 1052 depravationem
869 971 1167 1041 animadvertebant,
1186 983 1217 1033 et
1236 975 1406 1035 contumaci

269 1081 411 1140 licentiae
432 1077 610 1138 inliciebant
630 1076 765 1145 lrenum,
787 1095 847 1156 qua
868 1077 900 1136 in
921 1095 955 1136 re
977 1085 1079 1136 tamen
1101 1094 1163 1136 nou
1183 1077 1226 1137 ita
1245 1077 1406 1156 proiecisse

269 1203 336 1250 eos,
366 1201 456 1262 quam
486 1183 578 1260 vulgo
607 1180 757 1249 creditur,
787 1181 851 1260 ipsa
880 1179 1008 1240 historia
1037 1199 1092 1240 nos
1120 1181 1218 1241 docet.
1262 1179 1405 1251 Quamvis

270 1288 351 1348 enim
377 1304 561 1367 exaggerare
587 1283 727 1345 nonnihil
760 1285 837 1344 solet
865 1293 896 1344 et
926 1283 1041 1344 Calvini
1063 1301 1125 1345 non
1147 1302 1255 1344 coecus
1275 1283 1333 1344 luit
1354 1285 1406 1346 ad·

269 1391 412 1469 mirator,
439 1390 549 1470 dignus
571 1398 673 1450 tamen
695 1396 742 1448 cst
765 1387 817 1466 qui
839 1387 997 1456 audiatur,
1019 1385 1167 1456 Galiffius,
1191 1389 1243 1468 qui
1265 1389 1328 1469 ipse
1350 1387 1406 1450 Ge·

266 1495 407 1566 navensis
432 1491 656 1554 accuratissime
680 1490 857 1552 Genevense
882 1491 1066 1552 tabularium
1088 1491 1264 1570 exploravit.
1306 1491 1405 1554 Verba

268 1598 333 1658 eins
355 1598 397 1658 sic
419 1613 451 1657 se
473 1596 588 1657 habent
610 1595 666 1656 »Je
689 1594 870 1656 montrerais
892 1597 909 1654 a
931 1614 1023 1663 ceux,
1046 1596 1097 1674 qui
1114 1595 1323 1676 s‘imagineot‚
1345 1615 1405 1675 que

267 1699 394 1762 »Calvio
422 1701 472 1760 n'a
501 1699 556 1760 tait
583 1719 642 1778 que
665 1699 706 1760 du
727 1698 815 1766 bien,
844 1716 898 1758 nus
920 1697 1064 1780 registres
1086 1709 1225 1760 couverts
1247 1699 1404 1780 d'inscrip-

267 1805 370 1864 »tiens
406 1803 542 1865 d’enlans
578 1803 769 1882 ille'gitimes,
796 1836 838 1846 -
863 1819 902 1862 on
931 1821 968 1862 cx
998 1802 1134 1880 exposcit
1160 1803 1234 1862 dans
1263 1812 1332 1863 tous
1360 1803 1405 1864 les

269 1909 374 1968 »coins
403 1907 441 1968 de
474 1908 502 1966 la
532 1906 602 1966 ville
633 1915 664 1966 et
690 1906 728 1966 de
757 1907 785 1966 la
815 1925 995 1986 campagoe‚
1023 1940 1065 1950 —
1090 1906 1143 1967 des
1164 1907 1269 1986 proces
1289 1905 1405 1968 bideux

265 2010 507 2078 »d'obseenitds‚
536 2009 589 2070 d'es
618 2018 798 2079 testamem,
825 2011 865 2070 ob
894 2011 938 2070 les
966 2011 1054 2088 peres
1080 2019 1111 2068 et
1133 2010 1177 2070 les
1199 2011 1298 2070 meres
1319 2029 1404 2072 accu-

263 2124 354 2175 asent
383 2114 467 2176 leurs
497 2113 604 2174 enfans
633 2131 694 2172 non
721 2132 773 2192 pas
801 2113 956 2174 d'erreurs
978 2114 1165 2182 seulement,
1190 2113 1266 2173 mais
1288 2113 1326 2173 de
1348 2115 1404 2174 cri·

264 2237 366 2287 amm,
388 2251 427 2264 -
449 2219 502 2278 des
533 2217 733 2277 transactione
759 2236 814 2297 par
832 2217 943 2277 devant
966 2217 1083 2276 notaire
1107 2226 1194 2276 entre
1216 2217 1270 2276 des
1292 2217 1405 2277 demoi·

263 2323 374 2384 »selles
396 2332 428 2383 et
449 2323 531 2382 leurs
554 2339 672 2390 amans,
695 2321 746 2399 qui
768 2321 836 2380 leur
857 2320 1025 2381 donnaient
1047 2340 1085 2381 eu
1107 2322 1252 2400 pre'sence
1277 2321 1315 2382 de
1336 2321 1405 2382 leur

264 2445 412 2507 operans,
435 2427 473 2487 de
496 2426 567 2506 quoi
590 2425 692 2485 e'lever
713 2425 795 2484 leurs
813 2423 951 2493 battards,
974 2424 1028 2484 des
1046 2424 1281 2486 multitudes'de
1297 2427 1404 2486 maria·

264 2549 340 2610 »ges
369 2529 467 2592 foreas
494 2530 533 2589 od
561 2529 606 2588 les
628 2527 808 2606 delinquans
830 2528 946 2588 etaient
968 2528 1109 2588 cooduits
1130 2529 1168 2588 de
1191 2529 1219 2590 la
1241 2529 1342 2610 prison
1365 2548 1404 2590 au

264 2632 416 2711 »temple‚
442 2630 616 2690 desineres
639 2629 690 2707 qui
714 2629 960 2690 abandonnaient
982 2630 1063 2690 leurs
1085 2630 1191 2691 enfans
1214 2633 1230 2692 a
1252 2633 1404 2714 l'bdpital,

264 2736 421 2817 »pendant
451 2733 576 2814 qu’clles
605 2732 740 2794 vivaicnt
769 2733 843 2793 dens
869 2733 1067 2794 l'abondance
1098 2753 1170 2795 avec
1196 2736 1264 2795 leur
1292 2738 1405 2798 second

264 2841 379 2906 amari,
401 2839 455 2898 des
476 2839 581 2898 liasses
603 2837 641 2898 de
664 2839 769 2916 proces
791 2847 878 2899 entre
900 2839 1012 2904 freres,
1042 2839 1095 2899 des
1115 2849 1161 2900 tas
1183 2840 1221 2900 de
1244 2840 1404 2902 denoncia-
1432 2827 1437 2830 ’

264 2943 367 3004 »tiens
396 2941 546 3010 secretas,
576 2941 630 3000 des
656 2938 792 3000 hommes
818 2950 850 3000 et
879 2941 932 3000 des
956 2941 1081 3002 semines
1110 2941 1213 3003 brailes
1235 2961 1289 3022 par
1316 2943 1404 3005 sorti·

265 3071 277 3100 a
287 3044 371 3126 lege,
393 3077 433 3090 -
459 3053 617 3105 sentences
640 3044 677 3104 de
696 3053 776 3104 mort
795 3063 833 3104 en
852 3043 1018 3124 effroyable
1042 3047 1195 3125 quantita,
1217 3057 1310 3108 -ct
1337 3057 1404 3110 tout

267 3147 352 3210 »cela
380 3149 477 3228 parmi
506 3148 535 3208 la
564 3147 742 3228 ge'ndration
772 3149 896 3209 nourrie
927 3169 979 3228 par
1005 3150 1033 3209 la
1059 3169 1169 3210 manne
1190 3151 1343 3231 mystique
1365 3153 1403 3214 de

267 3252 461 3333 »Calvin⁷).''
505 3251 616 3312 Contra
646 3253 684 3312 de
710 3253 861 3312 sentiendi
890 3253 1071 3332 dicendique
1104 3253 1246 3315 libertate
1276 3254 1405 3318 Genevis

267 3365 368 3418 aetum
397 3355 485 3435 plane
513 3356 623 3424 fuisse,
653 3366 684 3416 et
713 3356 761 3416 vel
790 3356 972 3416 levissimam
1001 3377 1018 3416 a
1043 3355 1233 3418 Calvinistica
1267 3358 1404 3420 doctrina

213 3457 217 3464 '
268 3459 507 3528 aberrationem,
531 3469 673 3538 tanquam
695 3459 804 3538 ingens
825 3477 859 3519 ae
879 3459 1042 3520 nefandum
1064 3460 1180 3521 crimen
1203 3461 1296 3524 luisse
1318 3465 1403 3544 puni·

295 3775 315 3837 6)
328 3773 370 3834 Cf.
389 3785 513 3823 arenant.
530 3787 552 3824 c.
564 3771 581 3822 l.
599 3769 683 3823 Preces
694 3772 795 3840 juctific.
813 3773 834 3823 Ι.
852 3773 893 3828 77.
910 3775 935 3823 et
951 3777 1080 3825 stitutum
1098 3791 1119 3826 o.
1129 3776 1146 3828 1.
1164 3793 1188 3841 p.
1206 3777 1255 3827 eet
1272 3794 1307 3844 sq.

294 3855 314 3918 ⁷)
332 3857 457 3920 Leguntur
474 3855 532 3904 haec
551 3854 624 3904 verba
647 3856 710 3921 apud
730 3869 849 3917 caerem,
872 3857 970 3908 Noticea
990 3855 1180 3924 Ge'ne‘ctopiquer.
1200 3859 1227 3910 in
1243 3863 1317 3926 prael.
1335 3863 1401 3917 Tom.

267 3938 316 3989 III.
333 3954 357 4003 p.
375 3940 415 3991 15.
445 3939 491 3987 Suo
514 3937 584 3987 modo
604 3937 706 4002 explicat
728 3953 755 3987 ea
777 3938 874 3987 Calvini
895 3939 1049 4004 panegyrista
1070 3953 1166 3991 nonar.
1188 3941 1238 3994 cl.
1259 3944 1294 3994 11.
1315 3945 1354 4000 78.
1377 3947 1404 3996 in

268 4023 338 4082 acto,
356 4024 380 4071 et
399 4023 447 4074 rite
467 4021 602 4072 aestimavit
620 4035 696 4071 orne.
716 4037 738 4071 o.
750 4020 768 4070 l.
788 4037 811 4088 p.
830 4023 886 4073 153.
915 4023 1064 4086 Exaggerare
1081 4039 1136 4072 eum
1157 4024 1269 4085 subinde,
1287 4030 1311 4076 et
1330 4029 1402 4078 refor-

267 4104 367 4154 matoria
390 4102 515 4152 historiam
541 4118 589 4150 non
611 4101 661 4150 eine
683 4102 789 4168 partium
814 4103 894 4153 studio
920 4104 1053 4170 scripsisse,
1081 4106 1253 4156 demonstravit
1277 4123 1401 4163 ananan

267 4187 315 4234 Lea
332 4181 467 4247 materiate
486 4184 628 4248 historiques
641 4183 674 4238 ,de
691 4185 726 4236 M.
748 4187 848 4252 (tattffe,
871 4203 892 4237 o.
905 4186 921 4236 l.
939 4185 1019 4238 Pieres
1037 4187 1116 4252 justif.
1134 4189 1155 4238 Ι.
1173 4207 1196 4256 p.
1214 4191 1271 4243 lut.
1297 4191 1347 4240 Ubi
1367 4195 1404 4242 ta·

266 4279 321 4314 men
339 4264 369 4313 ad
390 4279 427 4313 res
449 4263 475 4312 in
493 4264 555 4313 farto
575 4263 664 4328 positas
684 4281 727 4314 noe
746 4261 849 4330 relegat,
868 4283 938 4321 cuum
958 4268 1050 4334 pondus
1066 4269 1114 4318 sibi
1133 4271 1256 4323 vindicant
1271 4272 1343 4323 verba
1360 4274 1405 4323 Ga·

265 4347 333 4408 liffii,
355 4347 409 4412 qui,
431 4349 458 4396 ut
483 4347 533 4410 ipse
558 4346 648 4399 latetur
671 4361 800 4400 canneru:
830 4351 934 4409 „durant
959 4352 1020 4402 seiae
1042 4369 1084 4402 ans
1110 4369 1140 4403 en
1163 4355 1201 4416 (de
1224 4369 1268 4406 nos
1293 4355 1402 4406 ambires

265 4427 425 4492 „nationalesl
444 4437 463 4478 a'
475 4425 587 4479 dechiffrd
599 4427 634 4478 les
649 4427 725 4493 pitres
736 4431 846 4496 antiques
858 4447 914 4483 avec
929 4449 1041 4486 onerare
1056 4433 1254 4502 persevereaeess'.
1268 4438 1305 4488 Of.
1323 4451 1403 4492 abac.

262 4511 473 4576 o.l.p.123⁹.,2
532 4571 536 4577 ¹
594 4557 598 4567 .

1592 539 1594 664 l
