3228 5102
753 315 792 378 lb

208 539 318 583 »suum
347 518 528 581 testificatur
556 516 690 597 legitima
718 515 903 576 authoritate
921 515 973 597 ²).’'
1016 513 1164 577 »Verbum
1187 515 1263 576 adeo
1285 515 1339 578 llei

208 631 353 703 »praeeat
371 631 502 702 oportet,
524 618 605 698 quod
623 628 844 679 sacramentum
862 635 928 678 esse
946 629 1166 679 sacramentum
1185 621 1274 680 saciat
1286 619 1341 702 ⁸)‚’'·

207 737 382 809 propterea,
410 724 491 805 quod
530 742 590 784 »ne
626 740 730 783 omnes
759 721 882 800 quidem
910 720 1050 782 homiues
1079 721 1110 783 ln
1132 742 1227 784 unum
1248 724 1339 786 simul

208 831 326 892 »coacti
348 828 424 890 nihil
447 847 463 888 a
485 846 516 888 se
538 825 672 907 polliceri
694 826 732 886 de
753 825 851 886 salute
873 825 960 886 nobis
980 835 1121 906 possunt;
1150 845 1223 906 ergo
1245 845 1340 888 neca

209 953 262 995 »se
284 933 376 994 edere
398 943 451 992 aut
473 932 591 1012 erigere
609 942 795 992 sacramenta
815 929 865 1012 ⁴).³'
884 963 926 976 --
946 931 989 990 2⁰.
1012 929 1154 1011 Definitio.
1175 965 1216 978 -
1237 931 1340 994 »llaec

208 1039 357 1117 »simplex
378 1046 410 1097 et
431 1035 551 1117 propria
573 1034 632 1095 erit
653 1033 807 1102 delinitio,
836 1033 861 1094 si
883 1033 1064 1103 dixerimus,
1092 1046 1253 1097 externum
1274 1054 1340 1098 esse

208 1141 416 1222 asymbolum,
438 1158 498 1220 quo
520 1139 749 1200 benevolentiae
771 1155 842 1218 erga
864 1155 920 1197 nos
940 1155 1012 1198 suae
1033 1139 1246 1218 promissiones
1271 1158 1341 1200 con·

207 1245 361 1306 »scientiis
381 1244 494 1305 nostris
515 1243 661 1304 Dominus
682 1242 836 1322 obsignat,
865 1241 903 1301 ad
931 1242 1161 1302 sustentandam
1190 1241 1262 1303 lidei
1284 1261 1337 1304 no·

208 1359 310 1410 »strae
338 1347 587 1408 imbecillitatem
604 1355 636 1406 et
664 1363 719 1407 nos
747 1345 878 1405 vicissim
906 1345 1050 1425 pietatem
1079 1365 1150 1426 erga
1180 1345 1257 1408 llum
1286 1365 1340 1408 no·

208 1463 339 1522 ostrum,
364 1462 427 1512 tarn
452 1469 553 1511 coram
582 1447 625 1509 Eo
654 1458 685 1509 et
713 1449 844 1528 angelis,
873 1467 962 1528 quam
988 1449 1068 1528 apud
1090 1449 1227 1511 homines
1248 1459 1340 1511 testa·

208 1575 299 1618 »mur
317 1555 367 1638 ⁵).”
402 1554 649 1616 »Sacramentum
668 1552 801 1632 sigillum
819 1551 904 1612 verbi
923 1561 984 1621 est,
1006 1551 1178 1631 symbolum
1195 1553 1340 1624 foederis,

208 1659 302 1720 »fidei
330 1661 485 1727 columna,
514 1657 640 1718 verbum
668 1645 803 1724 risibile,
832 1655 951 1734 specula
980 1655 1112 1736 denique
1141 1658 1257 1737 gratiae
1286 1656 1340 1719 Dei

208 1764 405 1825 »divitiarum
422 1761 473 1844 ⁸).’'
495 1795 536 1806 -
556 1760 599 1820 3⁰.
625 1759 697 1831 Qatot
715 1758 773 1819 sim
789 1761 931 1819 numero?
952 1791 993 1805 -
1013 1757 1099 1820 »Duo
1117 1769 1236 1821 tantum
1253 1760 1341 1822 nobis

208 1888 246 1928 »a
278 1867 397 1929 Christo
428 1884 493 1927 essa
525 1863 735 1926 commendata
767 1873 954 1924 sacramenta
986 1872 1071 1924 extra
1103 1866 1340 1927 controversiam

208 1981 276 2032 »est
293 1971 353 2053 1),”
382 1970 518 2049 adeoque
551 1977 695 2049 »praeter
714 1966 789 2028 baec
811 1967 873 2028 duo
895 1966 1080 2048 baptismum
1098 1977 1130 2029 et
1148 1987 1171 2029 s.
1194 1967 1340 2036 Coenam,

207 2086 265 2137 »ut
285 2075 403 2136 nullum
425 2073 507 2134 aliud
529 2092 545 2132 a
567 2071 629 2133 Deo
650 2071 825 2132 institutum
847 2072 903 2140 sit,
925 2072 968 2132 ita
990 2090 1046 2132 nec
1064 2072 1158 2132 ullum
1177 2091 1341 2152 agnoscere

207 2180 321 2242 »debet
343 2177 478 2258 fidelium
497 2175 629 2237 Ecclesia
647 2175 696 2258 1).”
727 2173 912 2236 NomInatim
930 2175 961 2235 in
981 2172 1244 2236 sacramentorum
1262 2177 1341 2238 serie

205 2284 297 2344 litura
315 2282 518 2343 inducuntur:
540 2279 729 2342 confirmatio
740 2280 780 2362 1),
800 2279 969 2360 penitentia
981 2277 1031 2362 ¹⁰),
1052 2280 1159 2342 ultIma
1178 2281 1283 2341 unctio
1294 2279 1341 2363 ¹¹),

207 2387 358 2449 ordinatio
378 2387 430 2468 ¹²),
458 2385 684 2446 matrimonium
697 2383 747 2466 11).
775 2417 816 2429 -
842 2384 885 2443 4⁰.
915 2381 1091 2455 Quibuscum
1117 2383 1251 2463 partibas
1277 2401 1341 2446 oon-

207 2491 300 2552 atoot?
321 2523 362 2537 -
383 2487 529 2550 »Constat
557 2497 777 2549 sacramentum
806 2486 901 2549 verbo
929 2496 960 2548 et
989 2487 1076 2567 signo
1095 2487 1164 2570 11),”’
1189 2489 1252 2549 sive
1284 2507 1340 2550 »re

206 2602 260 2654 »et
281 2592 379 2674 figura
398 2591 460 2674 11).”
502 2589 634 2652 Verbum
663 2591 846 2670 requiritur,
875 2600 910 2651 ut
934 2591 1019 2670 qnasi
1044 2591 1273 2671 promissionem
1294 2611 1341 2654 re·

207 2705 394 2776 praesentet3
427 2714 614 2776 »numquam
646 2695 726 2756 enim
755 2695 820 2755 sine
839 2704 1003 2774 praeeunte
1021 2695 1219 2773 promissione
1244 2714 1340 2758 sacra·

206 2810 365 2861 »mentum
393 2817 460 2860 esse
482 2807 582 2878 potest
601 2797 673 2878 11),”
702 2797 750 2857 cui
779 2797 916 2878 signum,
948 2808 1114 2876 »tanquam
1143 2798 1340 2878 appendicem

206 2903 352 2983 »adinngi
382 2901 535 2970 videmus,
563 2919 599 2961 eo
628 2899 705 2969 linc,
733 2909 768 2959 ut
789 2899 1018 2980 promissionem
1043 2900 1136 2980 ipsam
1166 2900 1339 2973 confirmet,

205 3017 318 3085 »atque
351 3005 508 3086 obsignet,
538 3002 627 3064 nobis
659 3004 864 3073 testationem,
895 3003 956 3064 imo
988 3014 1084 3066 ratam
1116 3005 1339 3084 quodammodo
1420 3031 1421 3034 ¹

245 3242 265 3305 1)
283 3243 344 3292 Inat.
362 3242 405 3294 IV.
423 3243 463 3293 19.
485 3241 509 3294 2.
532 3242 561 3292 cl.
581 3242 649 3308 Confi
664 3241 712 3308 fio.
730 3257 754 3293 η.
771 3241 835 3292 Eccl.
855 3242 918 3294 ean.
935 3240 1003 3295 Iom.
1020 3240 1077 3294 1111.
1094 3258 1119 3308 p.
1138 3242 1207 3295 2552.
1224 3244 1275 3296 sire
1293 3245 1335 3298 ubi

205 3323 277 3374 etiam
293 3325 406 3376 occurrit.
423 3324 490 3376 'Iona
507 3323 578 3377 VIII.
596 3341 620 3389 p.
638 3324 678 3375 95.
1369 3348 1374 3352 ’-

246 3409 266 3472 1)
284 3410 346 3458 Inat.
363 3407 405 3460 IV.
424 3409 464 3458 19.
483 3407 505 3458 2.

244 3491 264 3552 ⁴)
281 3491 343 3541 Inot.
361 3489 403 3540 IV.
422 3491 461 3540 18.
479 3490 519 3540 19.
537 3489 567 3540 cs.
587 3491 639 3540 Cat.
660 3489 718 3540 Oen.
735 3487 802 3540 Tem.
819 3489 891 3539 VIII.
909 3489 962 3542 291).
1063 3489 1083 3553 1)
1101 3491 1162 3542 Ioat.
1180 3489 1223 3543 IV.
1241 3492 1281 3544 14.
1300 3493 1323 3544 1.

245 3573 265 3636 1)
282 3574 343 3623 Inat.
365 3571 407 3622 IV.
432 3572 471 3620 14.
495 3571 522 3632 5,
545 3572 568 3622 5.
589 3572 619 3622 el.
640 3571 670 3620 de
700 3586 757 3621 vcra
772 3573 886 3638 percep.
911 3572 1001 3624 comat
1021 3573 1048 3623 in
1072 3574 1158 3623 Coeno.
1179 3571 1246 3625 Tam.
1263 3573 1335 3627 VIII.

205 3654 274 3708 1411.
299 3654 366 3721 Coos.
380 3653 428 3719 fid.
450 3669 474 3704 a.
491 3654 555 3704 Eccl.
576 3653 638 3702 batt.
655 3653 722 3703 Toni.
739 3652 811 3702 VIII.
836 3653 889 3708 951.
911 3657 962 3706 sira
978 3655 1045 3710 Tem.
1064 3651 1122 3706 be.
1144 3653 1214 3708 autb.
1235 3656 1293 3710 Ant.
1309 3659 1336 3710 io

204 3738 268 3790 decr.
287 3739 354 3790 Cone.
374 3736 438 3787 bid.
454 3737 514 3786 Seas.
533 3735 590 3788 VII.
607 3735 674 3786 'lom
690 3733 762 3790 VIII.
780 3735 849 3788 2581.

243 3819 264 3884 7)
286 3821 348 3872 Vera
364 3820 427 3871 Eccl.
443 3819 490 3885 ros.
506 3821 554 3870 rat.
571 3819 637 3868 Tem.
654 3818 725 3870 VIII.
744 3817 815 3870 2811.

243 3902 264 3966 ⁸)
281 3904 342 3954 Iasi.
360 3903 403 3954 IV.
421 3903 460 3954 18.
479 3902 519 3951 19.
536 3903 592 3952 Aac.
609 3902 636 3950 in
652 3901 715 3953 decr.
735 3903 805 3953 Cone.
824 3901 888 3952 bid.
906 3901 973 3953 Touo.
989 3903 1060 3955 VIII.
1078 3903 1147 3954 2841.

243 3986 263 4050 ⁹)
282 3987 343 4037 Inat.
360 3985 403 4036 IV.
421 3986 461 4037 lo.
478 3984 570 4035 4-18.
592 3985 655 4035 Vera
671 3984 734 4034 Eccl.
749 3984 796 4050 ref.
813 3988 861 4035 rat.
878 3985 944 4036 Tam.
962 3985 1034 4038 VIII.
1051 3986 1122 4036 2841.

232 4067 264 4130 11)
281 4069 342 4118 Iret.
359 4068 403 4119 IV.
420 4069 460 4119 lt.
478 4068 523 4125 14,
540 4067 586 4128 15,
609 4065 648 4116 18.
670 4066 732 4117 Vera
748 4067 812 4116 Eccl.
828 4067 875 4132 ref.
891 4070 939 4117 rat.
956 4066 1023 4117 Toni.
1039 4065 1111 4118 VIII.
1129 4065 1197 4116 2851.

232 4150 264 4214 ¹¹)
282 4153 343 4202 Inet.
365 4150 408 4202 IV.
432 4151 472 4201 ta.
498 4149 604 4200 18-21.
629 4151 715 4199 Comus.
738 4148 773 4198 ad
792 4149 844 4200 Iac.
860 4148 890 4200 V.
916 4150 956 4199 14.
982 4149 1020 4200 De
1033 4149 1091 4216 sua.
1116 4149 1170 4214 imp.
1192 4147 1229 4200 itt
1250 4147 1335 4201 am.

202 4231 269 4284 I'om.
286 4233 358 4284 VIII.
375 4233 517 4284 toa—428.
538 4234 601 4284 Vera
618 4231 680 4282 Eccl.
697 4232 745 4296 ref.
762 4236 809 4282 rat.
828 4231 861 4282 ib.
878 4231 948 4282 2851.

232 4317 264 4380 11)
282 4318 342 4366 Inal.
360 4314 402 4366 IV.
421 4315 460 4364 19.
478 4313 586 4363 22-84.
609 4312 671 4364 Vera
687 4313 750 4365 Eccl.
767 4312 814 4378 res.
831 4315 879 4363 rat.
896 4311 963 4364 Tem.
979 4311 1051 4363 v111.
1068 4326 1092 4377 p.
1111 4311 1180 4363 2881.

231 4398 262 4462 11)
282 4399 341 4447 luat.
358 4395 400 4448 IV.
418 4397 458 4446 lo.
479 4394 586 4450 84-87.
607 4394 669 4444 Vara
686 4395 748 4446 Eccl.
765 4395 812 4460 res.
829 4397 877 4446 rat.
894 4393 961 4445 Tem.
978 4393 1049 4447 VIII.
1069 4392 1139 4446 2881.

232 4480 265 4543 11)
276 4482 342 4547 [ιιι.
359 4477 402 4531 IV.
420 4479 461 4529 14.
477 4479 502 4527 4.
521 4477 604 4528 Comen.
621 4476 656 4526 ad
670 4477 737 4528 Rom.
754 4477 797 4530 IV.
815 4478 855 4530 11.

232 4562 263 4628 11)
281 4562 342 4615 Istat.
359 4560 402 4614 IV.
420 4560 461 4613 14.
478 4559 519 4610 15.
620 4556 652 4624 ¹⁸)
670 4561 731 4612 Inat.
747 4559 790 4614 IV.
808 4559 848 4612 14.
867 4561 883 4612 8
900 4563 924 4612 et
940 4559 984 4614 1v.
1002 4559 1042 4612 18.
1060 4559 1101 4614 lt.
