<?xml version="1.0" encoding="UTF-8"?>
<!DOCTYPE html PUBLIC "-//W3C//DTD XHTML 1.0 Transitional//EN"
    "http://www.w3.org/TR/xhtml1/DTD/xhtml1-transitional.dtd">
<html xmlns="http://www.w3.org/1999/xhtml" xml:lang="en" lang="en">
 <head>
  <title>
</title>
<meta http-equiv="Content-Type" content="text/html;charset=utf-8" />
  <meta name='ocr-system' content='tesseract 3.04.00' />
  <meta name='ocr-capabilities' content='ocr_page ocr_carea ocr_par ocr_line ocrx_word'/>
</head>
<body>
  <div class='ocr_page' id='page_1' title='image "./disquisitiohist00kuypgoog_0146.png"; bbox 0 0 3240 5100; ppageno 0'>
   <div class='ocr_carea' id='block_1_1' title="bbox 834 271 894 331">
    <p class='ocr_par' dir='ltr' id='par_1_1' title="bbox 834 271 894 331">
     <span class='ocr_line' id='line_1_1' title="bbox 834 271 894 331; baseline 0 0"><span class='ocrx_word' id='word_1_1' title='bbox 834 271 894 331; x_wconf 73' lang='lat' dir='ltr'><strong>tra</strong></span> 
     </span>
    </p>
   </div>
   <div class='ocr_carea' id='block_1_2' title="bbox 228 473 1449 3998">
    <p class='ocr_par' dir='ltr' id='par_1_2' title="bbox 228 473 1446 3574">
     <span class='ocr_line' id='line_1_2' title="bbox 296 473 1436 558; baseline 0.007 -26"><span class='ocrx_word' id='word_1_2' title='bbox 296 473 490 537; x_wconf 80' lang='lat' dir='ltr'><strong>»institutam</strong></span> <span class='ocrx_word' id='word_1_3' title='bbox 520 493 587 538; x_wconf 87' lang='lat' dir='ltr'><strong>esse</strong></span> <span class='ocrx_word' id='word_1_4' title='bbox 616 481 750 545; x_wconf 86' lang='lat' dir='ltr'><strong>constet,</strong></span> <span class='ocrx_word' id='word_1_5' title='bbox 777 484 817 542; x_wconf 74' lang='lat' dir='ltr'><strong>et,</strong></span> <span class='ocrx_word' id='word_1_6' title='bbox 831 494 887 538; x_wconf 87' lang='lat' dir='ltr'><strong>nos</strong></span> <span class='ocrx_word' id='word_1_7' title='bbox 908 475 1032 538; x_wconf 88' lang='lat' dir='ltr'><strong>interim</strong></span> <span class='ocrx_word' id='word_1_8' title='bbox 1052 475 1097 536; x_wconf 90' lang='lat' dir='ltr'><strong>illi</strong></span> <span class='ocrx_word' id='word_1_9' title='bbox 1126 474 1293 558; x_wconf 79' lang='lat' dir='ltr'><strong>adiungere</strong></span> <span class='ocrx_word' id='word_1_10' title='bbox 1315 481 1436 540; x_wconf 78' lang='lat' dir='ltr'><strong>rccusd·</strong></span> 
     </span>
     <span class='ocr_line' id='line_1_3' title="bbox 296 577 1436 660; baseline 0.009 -25"><span class='ocrx_word' id='word_1_11' title='bbox 296 599 394 642; x_wconf 72' lang='lat' dir='ltr'><strong>amus,</strong></span> <span class='ocrx_word' id='word_1_12' title='bbox 493 577 551 649; x_wconf 90' lang='lat' dir='ltr'><strong>Qui</strong></span> <span class='ocrx_word' id='word_1_13' title='bbox 579 581 674 660; x_wconf 85' lang='lat' dir='ltr'><strong>igitur</strong></span> <span class='ocrx_word' id='word_1_14' title='bbox 702 579 866 642; x_wconf 77' lang='lat' dir='ltr'><strong>Christiani</strong></span> <span class='ocrx_word' id='word_1_15' title='bbox 896 592 928 643; x_wconf 90' lang='lat' dir='ltr'><strong>et</strong></span> <span class='ocrx_word' id='word_1_16' title='bbox 956 582 1057 645; x_wconf 84' lang='lat' dir='ltr'><strong>vocari</strong></span> <span class='ocrx_word' id='word_1_17' title='bbox 1086 601 1157 644; x_wconf 87' lang='lat' dir='ltr'><strong>vere</strong></span> <span class='ocrx_word' id='word_1_18' title='bbox 1187 593 1218 644; x_wconf 90' lang='lat' dir='ltr'><strong>et</strong></span> <span class='ocrx_word' id='word_1_19' title='bbox 1247 602 1312 645; x_wconf 89' lang='lat' dir='ltr'><strong>esse</strong></span> <span class='ocrx_word' id='word_1_20' title='bbox 1341 585 1436 646; x_wconf 87' lang='lat' dir='ltr'><strong>etiam</strong></span> 
     </span>
     <span class='ocr_line' id='line_1_4' title="bbox 298 683 1436 758; baseline 0 -10"><span class='ocrx_word' id='word_1_21' title='bbox 298 687 440 754; x_wconf 76' lang='lat' dir='ltr'><strong>avolum,</strong></span> <span class='ocrx_word' id='word_1_22' title='bbox 469 683 579 746; x_wconf 88' lang='lat' dir='ltr'><strong>horum</strong></span> <span class='ocrx_word' id='word_1_23' title='bbox 601 705 673 746; x_wconf 88' lang='lat' dir='ltr'><strong>sane</strong></span> <span class='ocrx_word' id='word_1_24' title='bbox 699 685 830 747; x_wconf 85' lang='lat' dir='ltr'><strong>officium</strong></span> <span class='ocrx_word' id='word_1_25' title='bbox 851 706 933 757; x_wconf 89' lang='lat' dir='ltr'><strong>esse,</strong></span> <span class='ocrx_word' id='word_1_26' title='bbox 962 696 996 746; x_wconf 90' lang='lat' dir='ltr'><strong>ut</strong></span> <span class='ocrx_word' id='word_1_27' title='bbox 1018 687 1089 748; x_wconf 89' lang='lat' dir='ltr'><strong>durn</strong></span> <span class='ocrx_word' id='word_1_28' title='bbox 1112 705 1149 747; x_wconf 91' lang='lat' dir='ltr'><strong>eo</strong></span> <span class='ocrx_word' id='word_1_29' title='bbox 1170 687 1236 748; x_wconf 90' lang='lat' dir='ltr'><strong>loco</strong></span> <span class='ocrx_word' id='word_1_30' title='bbox 1258 698 1436 758; x_wconf 76' lang='lat' dir='ltr'><strong>versantur,</strong></span> 
     </span>
     <span class='ocr_line' id='line_1_5' title="bbox 299 788 1436 861; baseline 0.009 -17"><span class='ocrx_word' id='word_1_31' title='bbox 299 790 373 850; x_wconf 74' lang='lat' dir='ltr'><strong>»uhi</strong></span> <span class='ocrx_word' id='word_1_32' title='bbox 402 788 566 850; x_wconf 82' lang='lat' dir='ltr'><strong>Ecclesiam</strong></span> <span class='ocrx_word' id='word_1_33' title='bbox 595 789 705 851; x_wconf 78' lang='lat' dir='ltr'><strong>Christi</strong></span> <span class='ocrx_word' id='word_1_34' title='bbox 734 792 856 852; x_wconf 91' lang='lat' dir='ltr'><strong>nomine</strong></span> <span class='ocrx_word' id='word_1_35' title='bbox 885 792 1043 852; x_wconf 80' lang='lat' dir='ltr'>collectam</span> <span class='ocrx_word' id='word_1_36' title='bbox 1071 809 1135 851; x_wconf 88' lang='lat' dir='ltr'><strong>asse</strong></span> <span class='ocrx_word' id='word_1_37' title='bbox 1162 793 1275 861; x_wconf 89' lang='lat' dir='ltr'><strong>sciant,</strong></span> <span class='ocrx_word' id='word_1_38' title='bbox 1303 793 1347 852; x_wconf 93' lang='lat' dir='ltr'><strong>illi</strong></span> <span class='ocrx_word' id='word_1_39' title='bbox 1369 811 1436 854; x_wconf 83' lang='lat' dir='ltr'><strong>sese</strong></span> 
     </span>
     <span class='ocr_line' id='line_1_6' title="bbox 300 894 1436 976; baseline 0.005 -28"><span class='ocrx_word' id='word_1_40' title='bbox 300 894 461 975; x_wconf 76' lang='lat' dir='ltr'><strong>»protinus</strong></span> <span class='ocrx_word' id='word_1_41' title='bbox 487 895 655 974; x_wconf 77' lang='lat' dir='ltr'><strong>adiungunt</strong></span> <span class='ocrx_word' id='word_1_42' title='bbox 674 895 723 972; x_wconf 70' lang='lat'><strong>4).”</strong></span> <span class='ocrx_word' id='word_1_43' title='bbox 766 894 808 956; x_wconf 86' lang='lat' dir='ltr'><strong>lle</strong></span> <span class='ocrx_word' id='word_1_44' title='bbox 837 896 874 956; x_wconf 92' lang='lat' dir='ltr'><strong>iis</strong></span> <span class='ocrx_word' id='word_1_45' title='bbox 895 896 1006 976; x_wconf 82' lang='lat' dir='ltr'><strong>igitur,</strong></span> <span class='ocrx_word' id='word_1_46' title='bbox 1028 896 1080 974; x_wconf 89' lang='lat' dir='ltr'><strong>qui</strong></span> <span class='ocrx_word' id='word_1_47' title='bbox 1105 896 1137 954; x_wconf 91' lang='lat' dir='ltr'><strong>in</strong></span> <span class='ocrx_word' id='word_1_48' title='bbox 1162 895 1236 956; x_wconf 90' lang='lat' dir='ltr'><strong>locis</strong></span> <span class='ocrx_word' id='word_1_49' title='bbox 1259 904 1436 965; x_wconf 76' lang='lat' dir='ltr'><strong>versantur,</strong></span> 
     </span>
     <span class='ocr_line' id='line_1_7' title="bbox 300 997 1437 1068; baseline 0.001 -10"><span class='ocrx_word' id='word_1_50' title='bbox 300 999 353 1059; x_wconf 91' lang='lat' dir='ltr'><strong>uhi</strong></span> <span class='ocrx_word' id='word_1_51' title='bbox 374 999 546 1058; x_wconf 81' lang='lat' dir='ltr'><strong>istiusmodi</strong></span> <span class='ocrx_word' id='word_1_52' title='bbox 575 997 709 1058; x_wconf 82' lang='lat' dir='ltr'><strong>Ecclesia</strong></span> <span class='ocrx_word' id='word_1_53' title='bbox 738 1017 800 1058; x_wconf 92' lang='lat' dir='ltr'><strong>non</strong></span> <span class='ocrx_word' id='word_1_54' title='bbox 828 1009 942 1068; x_wconf 85' lang='lat' dir='ltr'><strong>exstat,</strong></span> <span class='ocrx_word' id='word_1_55' title='bbox 969 999 1027 1060; x_wconf 88' lang='lat' dir='ltr'><strong>etsi</strong></span> <span class='ocrx_word' id='word_1_56' title='bbox 1049 1009 1166 1059; x_wconf 83' lang='lat' dir='ltr'><strong>centurn</strong></span> <span class='ocrx_word' id='word_1_57' title='bbox 1187 999 1265 1059; x_wconf 90' lang='lat' dir='ltr'><strong>nihil</strong></span> <span class='ocrx_word' id='word_1_58' title='bbox 1287 998 1437 1059; x_wconf 87' lang='lat' dir='ltr'><strong>affirmare</strong></span> 
     </span>
     <span class='ocr_line' id='line_1_8' title="bbox 302 1103 1437 1184; baseline 0 -22"><span class='ocrx_word' id='word_1_59' title='bbox 302 1103 396 1172; x_wconf 89' lang='lat' dir='ltr'><strong>ausit,</strong></span> <span class='ocrx_word' id='word_1_60' title='bbox 429 1122 518 1182; x_wconf 88' lang='lat' dir='ltr'><strong>quam</strong></span> <span class='ocrx_word' id='word_1_61' title='bbox 548 1103 638 1163; x_wconf 89' lang='lat' dir='ltr'><strong>altam</strong></span> <span class='ocrx_word' id='word_1_62' title='bbox 668 1113 770 1163; x_wconf 91' lang='lat' dir='ltr'><strong>tamen</strong></span> <span class='ocrx_word' id='word_1_63' title='bbox 801 1103 913 1164; x_wconf 86' lang='lat' dir='ltr'><strong>foverit</strong></span> <span class='ocrx_word' id='word_1_64' title='bbox 941 1122 1038 1184; x_wconf 90' lang='lat' dir='ltr'><strong>spem,</strong></span> <span class='ocrx_word' id='word_1_65' title='bbox 1070 1121 1132 1163; x_wconf 92' lang='lat' dir='ltr'><strong>non</strong></span> <span class='ocrx_word' id='word_1_66' title='bbox 1164 1121 1286 1183; x_wconf 89' lang='lat' dir='ltr'><strong>prorsus</strong></span> <span class='ocrx_word' id='word_1_67' title='bbox 1307 1121 1372 1164; x_wconf 89' lang='lat' dir='ltr'><strong>esse</strong></span> <span class='ocrx_word' id='word_1_68' title='bbox 1398 1103 1437 1162; x_wconf 91' lang='lat' dir='ltr'><strong>de</strong></span> 
     </span>
     <span class='ocr_line' id='line_1_9' title="bbox 302 1207 1436 1288; baseline -0.002 -20"><span class='ocrx_word' id='word_1_69' title='bbox 302 1226 407 1268; x_wconf 91' lang='lat' dir='ltr'><strong>eorum</strong></span> <span class='ocrx_word' id='word_1_70' title='bbox 429 1207 526 1267; x_wconf 91' lang='lat' dir='ltr'><strong>salute</strong></span> <span class='ocrx_word' id='word_1_71' title='bbox 549 1207 788 1288; x_wconf 88' lang='lat' dir='ltr'><strong>desperandum,</strong></span> <span class='ocrx_word' id='word_1_72' title='bbox 811 1209 934 1288; x_wconf 79' lang='lat' dir='ltr'><strong>egregie</strong></span> <span class='ocrx_word' id='word_1_73' title='bbox 953 1207 1028 1268; x_wconf 89' lang='lat' dir='ltr'><strong>haec</strong></span> <span class='ocrx_word' id='word_1_74' title='bbox 1046 1208 1112 1268; x_wconf 89' lang='lat' dir='ltr'><strong>eius</strong></span> <span class='ocrx_word' id='word_1_75' title='bbox 1129 1208 1221 1268; x_wconf 87' lang='lat' dir='ltr'><strong>verba</strong></span> <span class='ocrx_word' id='word_1_76' title='bbox 1240 1225 1295 1268; x_wconf 92' lang='lat' dir='ltr'><strong>nos</strong></span> <span class='ocrx_word' id='word_1_77' title='bbox 1312 1208 1436 1268; x_wconf 90' lang='lat' dir='ltr'><strong>docent:</strong></span> 
     </span>
     <span class='ocr_line' id='line_1_10' title="bbox 304 1309 1438 1393; baseline 0.004 -25"><span class='ocrx_word' id='word_1_78' title='bbox 304 1309 390 1391; x_wconf 80' lang='lat' dir='ltr'><strong>»Ego</strong></span> <span class='ocrx_word' id='word_1_79' title='bbox 409 1329 465 1371; x_wconf 90' lang='lat' dir='ltr'><strong>nce</strong></span> <span class='ocrx_word' id='word_1_80' title='bbox 483 1330 499 1370; x_wconf 91' lang='lat' dir='ltr'><strong>a</strong></span> <span class='ocrx_word' id='word_1_81' title='bbox 518 1309 707 1391; x_wconf 90' lang='lat' dir='ltr'><strong>philosophia</strong></span> <span class='ocrx_word' id='word_1_82' title='bbox 730 1321 791 1370; x_wconf 90' lang='lat' dir='ltr'><strong>tam</strong></span> <span class='ocrx_word' id='word_1_83' title='bbox 810 1313 927 1372; x_wconf 91' lang='lat' dir='ltr'><strong>alienus</strong></span> <span class='ocrx_word' id='word_1_84' title='bbox 953 1330 1035 1381; x_wconf 88' lang='lat' dir='ltr'><strong>sum,</strong></span> <span class='ocrx_word' id='word_1_85' title='bbox 1057 1331 1113 1372; x_wconf 89' lang='lat' dir='ltr'><strong>nec</strong></span> <span class='ocrx_word' id='word_1_86' title='bbox 1128 1312 1205 1372; x_wconf 90' lang='lat' dir='ltr'><strong>adeo</strong></span> <span class='ocrx_word' id='word_1_87' title='bbox 1221 1331 1344 1393; x_wconf 90' lang='lat' dir='ltr'><strong>prorsus</strong></span> <span class='ocrx_word' id='word_1_88' title='bbox 1354 1312 1438 1372; x_wconf 89' lang='lat' dir='ltr'><strong>rudis</strong></span> 
     </span>
     <span class='ocr_line' id='line_1_11' title="bbox 303 1415 1438 1496; baseline 0.005 -26"><span class='ocrx_word' id='word_1_89' title='bbox 303 1416 461 1476; x_wconf 71' lang='lat' dir='ltr'><strong>somnium</strong></span> <span class='ocrx_word' id='word_1_90' title='bbox 482 1415 738 1495; x_wconf 86' lang='lat' dir='ltr'><strong>disputationum,</strong></span> <span class='ocrx_word' id='word_1_91' title='bbox 760 1425 794 1476; x_wconf 89' lang='lat' dir='ltr'><strong>ut</strong></span> <span class='ocrx_word' id='word_1_92' title='bbox 816 1435 878 1476; x_wconf 90' lang='lat' dir='ltr'><strong>non</strong></span> <span class='ocrx_word' id='word_1_93' title='bbox 900 1415 937 1476; x_wconf 89' lang='lat' dir='ltr'><strong>dc</strong></span> <span class='ocrx_word' id='word_1_94' title='bbox 956 1416 1138 1496; x_wconf 83' lang='lat' dir='ltr'><strong>religionum</strong></span> <span class='ocrx_word' id='word_1_95' title='bbox 1156 1418 1318 1486; x_wconf 89' lang='lat' dir='ltr'><strong>varietate,</strong></span> <span class='ocrx_word' id='word_1_96' title='bbox 1340 1417 1438 1495; x_wconf 88' lang='lat' dir='ltr'><strong>deque</strong></span> 
     </span>
     <span class='ocr_line' id='line_1_12' title="bbox 304 1517 1439 1602; baseline 0.002 -23"><span class='ocrx_word' id='word_1_97' title='bbox 304 1521 378 1580; x_wconf 78' lang='lat' dir='ltr'><strong>»illa</strong></span> <span class='ocrx_word' id='word_1_98' title='bbox 406 1517 524 1580; x_wconf 84' lang='lat' dir='ltr'><strong>infinita</strong></span> <span class='ocrx_word' id='word_1_99' title='bbox 554 1519 751 1580; x_wconf 90' lang='lat' dir='ltr'><strong>multitudine</strong></span> <span class='ocrx_word' id='word_1_100' title='bbox 774 1519 931 1582; x_wconf 91' lang='lat' dir='ltr'><strong>hominum</strong></span> <span class='ocrx_word' id='word_1_101' title='bbox 954 1531 1039 1580; x_wconf 85' lang='lat' dir='ltr'><strong>extra</strong></span> <span class='ocrx_word' id='word_1_102' title='bbox 1062 1519 1227 1582; x_wconf 87' lang='lat' dir='ltr'><strong>Ecclesiam</strong></span> <span class='ocrx_word' id='word_1_103' title='bbox 1249 1540 1337 1602; x_wconf 85' lang='lat' dir='ltr'><strong>saepe</strong></span> <span class='ocrx_word' id='word_1_104' title='bbox 1359 1523 1439 1602; x_wconf 80' lang='lat' dir='ltr'><strong>cogi·</strong></span> 
     </span>
     <span class='ocr_line' id='line_1_13' title="bbox 305 1623 1440 1718; baseline 0.006 -39"><span class='ocrx_word' id='word_1_105' title='bbox 305 1635 398 1685; x_wconf 72' lang='lat' dir='ltr'><strong>stem.</strong></span> <span class='ocrx_word' id='word_1_106' title='bbox 444 1623 518 1695; x_wconf 86' lang='lat' dir='ltr'><strong>Qoid</strong></span> <span class='ocrx_word' id='word_1_107' title='bbox 546 1623 702 1684; x_wconf 82' lang='lat' dir='ltr'><strong>absurdius</strong></span> <span class='ocrx_word' id='word_1_108' title='bbox 729 1623 849 1694; x_wconf 83' lang='lat' dir='ltr'><strong>uidetur,</strong></span> <span class='ocrx_word' id='word_1_109' title='bbox 877 1642 962 1704; x_wconf 82' lang='lat' dir='ltr'><strong>qoam</strong></span> <span class='ocrx_word' id='word_1_110' title='bbox 987 1630 1070 1718; x_wconf 77' lang='lat' dir='ltr'><strong>topia</strong></span> <span class='ocrx_word' id='word_1_111' title='bbox 1091 1625 1209 1704; x_wconf 82' lang='lat' dir='ltr'><strong>opmirtu</strong></span> <span class='ocrx_word' id='word_1_112' title='bbox 1230 1625 1316 1686; x_wconf 83' lang='lat' dir='ltr'><strong>etiarn</strong></span> <span class='ocrx_word' id='word_1_113' title='bbox 1337 1625 1440 1686; x_wconf 82' lang='lat' dir='ltr'><strong>uirtute</strong></span> 
     </span>
     <span class='ocr_line' id='line_1_14' title="bbox 306 1727 1440 1811; baseline 0.003 -22"><span class='ocrx_word' id='word_1_114' title='bbox 306 1727 526 1789; x_wconf 75' lang='lat' dir='ltr'><strong>acccelleott&#39;aot</strong></span> <span class='ocrx_word' id='word_1_115' title='bbox 548 1727 662 1788; x_wconf 80' lang='lat' dir='ltr'><strong>condito</strong></span> <span class='ocrx_word' id='word_1_116' title='bbox 684 1747 743 1790; x_wconf 88' lang='lat' dir='ltr'><strong>csse</strong></span> <span class='ocrx_word' id='word_1_117' title='bbox 764 1745 784 1788; x_wconf 85' lang='lat' dir='ltr'><strong>a</strong></span> <span class='ocrx_word' id='word_1_118' title='bbox 805 1727 870 1788; x_wconf 78' lang='lat' dir='ltr'><strong>heo·</strong></span> <span class='ocrx_word' id='word_1_119' title='bbox 884 1729 923 1789; x_wconf 86' lang='lat' dir='ltr'><strong>od</strong></span> <span class='ocrx_word' id='word_1_120' title='bbox 945 1735 1091 1790; x_wconf 66' lang='lat' dir='ltr'><strong>catanam</strong></span> <span class='ocrx_word' id='word_1_121' title='bbox 1111 1729 1259 1791; x_wconf 79' lang='lat' dir='ltr'><strong>roisem&#39;ant</strong></span> <span class='ocrx_word' id='word_1_122' title='bbox 1276 1729 1325 1811; x_wconf 81' lang='lat'><strong>⁵).&#39;&#39;</strong></span> <span class='ocrx_word' id='word_1_123' title='bbox 1358 1729 1440 1800; x_wconf 83' lang='lat' dir='ltr'><strong>Quae</strong></span> 
     </span>
     <span class='ocr_line' id='line_1_15' title="bbox 306 1831 1442 1914; baseline 0.002 -20"><span class='ocrx_word' id='word_1_124' title='bbox 306 1833 414 1902; x_wconf 87' lang='lat' dir='ltr'><strong>verba,</strong></span> <span class='ocrx_word' id='word_1_125' title='bbox 437 1852 529 1912; x_wconf 91' lang='lat' dir='ltr'><strong>quum</strong></span> <span class='ocrx_word' id='word_1_126' title='bbox 552 1851 734 1914; x_wconf 84' lang='lat' dir='ltr'><strong>magnopere</strong></span> <span class='ocrx_word' id='word_1_127' title='bbox 758 1831 984 1894; x_wconf 87' lang='lat' dir='ltr'><strong>Melanchthoni</strong></span> <span class='ocrx_word' id='word_1_128' title='bbox 1015 1834 1248 1914; x_wconf 79' lang='lat' dir='ltr'><strong>displicuerant,</strong></span> <span class='ocrx_word' id='word_1_129' title='bbox 1277 1835 1442 1896; x_wconf 88' lang='lat' dir='ltr'><strong>defendere</strong></span> 
     </span>
     <span class='ocr_line' id='line_1_16' title="bbox 306 1935 1441 2018; baseline 0.002 -22"><span class='ocrx_word' id='word_1_130' title='bbox 306 1946 432 1997; x_wconf 89' lang='lat' dir='ltr'><strong>conatus</strong></span> <span class='ocrx_word' id='word_1_131' title='bbox 453 1947 499 1998; x_wconf 88' lang='lat' dir='ltr'><strong>est</strong></span> <span class='ocrx_word' id='word_1_132' title='bbox 521 1939 538 1997; x_wconf 77' lang='lat' dir='ltr'><strong>a</strong></span> <span class='ocrx_word' id='word_1_133' title='bbox 562 1935 656 1998; x_wconf 83' lang='lat' dir='ltr'><strong>hasco</strong></span> <span class='ocrx_word' id='word_1_134' title='bbox 676 1938 708 1997; x_wconf 92' lang='lat' dir='ltr'><strong>in</strong></span> <span class='ocrx_word' id='word_1_135' title='bbox 730 1938 857 2017; x_wconf 88' lang='lat' dir='ltr'><strong>epistola</strong></span> <span class='ocrx_word' id='word_1_136' title='bbox 880 1939 1066 2018; x_wconf 82' lang='lat' dir='ltr'><strong>apologetica</strong></span> <span class='ocrx_word' id='word_1_137' title='bbox 1088 1939 1126 1998; x_wconf 92' lang='lat' dir='ltr'><strong>ad</strong></span> <span class='ocrx_word' id='word_1_138' title='bbox 1148 1939 1278 1998; x_wconf 90' lang='lat' dir='ltr'><strong>eundem</strong></span> <span class='ocrx_word' id='word_1_139' title='bbox 1300 1939 1385 2008; x_wconf 90' lang='lat' dir='ltr'><strong>data,</strong></span> <span class='ocrx_word' id='word_1_140' title='bbox 1408 1940 1441 1999; x_wconf 91' lang='lat' dir='ltr'><strong>in</strong></span> 
     </span>
     <span class='ocr_line' id='line_1_17' title="bbox 305 2041 1442 2122; baseline 0.002 -22"><span class='ocrx_word' id='word_1_141' title='bbox 305 2059 365 2120; x_wconf 88' lang='lat' dir='ltr'><strong>qua</strong></span> <span class='ocrx_word' id='word_1_142' title='bbox 387 2060 458 2120; x_wconf 89' lang='lat' dir='ltr'><strong>prae</strong></span> <span class='ocrx_word' id='word_1_143' title='bbox 481 2042 589 2101; x_wconf 82' lang='lat' dir='ltr'><strong>celetis</strong></span> <span class='ocrx_word' id='word_1_144' title='bbox 610 2041 684 2101; x_wconf 88' lang='lat' dir='ltr'><strong>haec</strong></span> <span class='ocrx_word' id='word_1_145' title='bbox 702 2051 811 2102; x_wconf 92' lang='lat' dir='ltr'><strong>notatu</strong></span> <span class='ocrx_word' id='word_1_146' title='bbox 833 2043 924 2122; x_wconf 87' lang='lat' dir='ltr'><strong>digna</strong></span> <span class='ocrx_word' id='word_1_147' title='bbox 943 2043 1098 2122; x_wconf 81' lang='lat' dir='ltr'><strong>leguntur:</strong></span> <span class='ocrx_word' id='word_1_148' title='bbox 1133 2042 1280 2104; x_wconf 77' lang='lat' dir='ltr'><strong>»Causam</strong></span> <span class='ocrx_word' id='word_1_149' title='bbox 1303 2043 1442 2104; x_wconf 81' lang='lat' dir='ltr'><strong>offensio·</strong></span> 
     </span>
     <span class='ocr_line' id='line_1_18' title="bbox 307 2145 1442 2225; baseline 0.004 -22"><span class='ocrx_word' id='word_1_150' title='bbox 307 2145 376 2204; x_wconf 83' lang='lat' dir='ltr'><strong>»nis</strong></span> <span class='ocrx_word' id='word_1_151' title='bbox 398 2163 464 2204; x_wconf 89' lang='lat' dir='ltr'><strong>eam</strong></span> <span class='ocrx_word' id='word_1_152' title='bbox 486 2145 578 2204; x_wconf 85' lang='lat' dir='ltr'><strong>luisse</strong></span> <span class='ocrx_word' id='word_1_153' title='bbox 601 2145 755 2225; x_wconf 75' lang='lat' dir='ltr'><strong>intelligo,</strong></span> <span class='ocrx_word' id='word_1_154' title='bbox 785 2147 866 2224; x_wconf 93' lang='lat' dir='ltr'><strong>quod</strong></span> <span class='ocrx_word' id='word_1_155' title='bbox 894 2147 925 2206; x_wconf 92' lang='lat' dir='ltr'><strong>in</strong></span> <span class='ocrx_word' id='word_1_156' title='bbox 948 2147 1007 2206; x_wconf 91' lang='lat' dir='ltr'><strong>illis</strong></span> <span class='ocrx_word' id='word_1_157' title='bbox 1029 2147 1111 2208; x_wconf 90' lang='lat' dir='ltr'><strong>visus</strong></span> <span class='ocrx_word' id='word_1_158' title='bbox 1133 2147 1189 2208; x_wconf 93' lang='lat' dir='ltr'><strong>tihi</strong></span> <span class='ocrx_word' id='word_1_159' title='bbox 1212 2149 1284 2218; x_wconf 91' lang='lat' dir='ltr'><strong>sim,</strong></span> <span class='ocrx_word' id='word_1_160' title='bbox 1306 2148 1442 2208; x_wconf 89' lang='lat' dir='ltr'><strong>tribuere</strong></span> 
     </span>
     <span class='ocr_line' id='line_1_19' title="bbox 228 2233 1443 2332; baseline 0.003 -25"><span class='ocrx_word' id='word_1_161' title='bbox 228 2265 229 2269; x_wconf 70' lang='grc'>’</span> <span class='ocrx_word' id='word_1_162' title='bbox 307 2249 458 2308; x_wconf 87' lang='lat' dir='ltr'><strong>»salutem</strong></span> <span class='ocrx_word' id='word_1_163' title='bbox 487 2247 653 2308; x_wconf 88' lang='lat' dir='ltr'><strong>insentibus</strong></span> <span class='ocrx_word' id='word_1_164' title='bbox 682 2233 816 2309; x_wconf 84' lang='lat' dir='ltr'><strong>omnium</strong></span> <span class='ocrx_word' id='word_1_165' title='bbox 844 2249 1053 2312; x_wconf 85' lang='lat' dir='ltr'><strong>Ethnicorum.</strong></span> <span class='ocrx_word' id='word_1_166' title='bbox 1094 2253 1156 2332; x_wconf 83' lang='lat' dir='ltr'><strong>Ego</strong></span> <span class='ocrx_word' id='word_1_167' title='bbox 1186 2271 1274 2322; x_wconf 85' lang='lat' dir='ltr'><strong>vero,</strong></span> <span class='ocrx_word' id='word_1_168' title='bbox 1304 2253 1346 2312; x_wconf 89' lang='lat' dir='ltr'><strong>mi</strong></span> <span class='ocrx_word' id='word_1_169' title='bbox 1375 2251 1443 2312; x_wconf 90' lang='lat' dir='ltr'><strong>Phi·</strong></span> 
     </span>
     <span class='ocr_line' id='line_1_20' title="bbox 308 2352 1443 2437; baseline 0.006 -30"><span class='ocrx_word' id='word_1_170' title='bbox 308 2352 425 2432; x_wconf 74' lang='lat' dir='ltr'><strong>alippa!</strong></span> <span class='ocrx_word' id='word_1_171' title='bbox 454 2353 512 2414; x_wconf 88' lang='lat' dir='ltr'><strong>etsi</strong></span> <span class='ocrx_word' id='word_1_172' title='bbox 539 2371 600 2413; x_wconf 93' lang='lat' dir='ltr'><strong>non</strong></span> <span class='ocrx_word' id='word_1_173' title='bbox 629 2371 752 2432; x_wconf 88' lang='lat' dir='ltr'><strong>prorsus</strong></span> <span class='ocrx_word' id='word_1_174' title='bbox 780 2373 898 2415; x_wconf 83' lang='lat' dir='ltr'><strong>caream</strong></span> <span class='ocrx_word' id='word_1_175' title='bbox 920 2356 1087 2435; x_wconf 87' lang='lat' dir='ltr'><strong>scripturae</strong></span> <span class='ocrx_word' id='word_1_176' title='bbox 1109 2357 1307 2426; x_wconf 88' lang='lat' dir='ltr'><strong>testimoniis,</strong></span> <span class='ocrx_word' id='word_1_177' title='bbox 1334 2355 1443 2437; x_wconf 90' lang='lat' dir='ltr'><strong>quihus</strong></span> 
     </span>
     <span class='ocr_line' id='line_1_21' title="bbox 307 2453 1444 2541; baseline 0.009 -31"><span class='ocrx_word' id='word_1_178' title='bbox 307 2456 360 2516; x_wconf 76' lang='lat' dir='ltr'><strong>aid</strong></span> <span class='ocrx_word' id='word_1_179' title='bbox 382 2453 457 2516; x_wconf 88' lang='lat' dir='ltr'><strong>mihi</strong></span> <span class='ocrx_word' id='word_1_180' title='bbox 479 2457 559 2517; x_wconf 88' lang='lat' dir='ltr'><strong>tucri</strong></span> <span class='ocrx_word' id='word_1_181' title='bbox 581 2474 667 2536; x_wconf 86' lang='lat' dir='ltr'><strong>posse</strong></span> <span class='ocrx_word' id='word_1_182' title='bbox 689 2457 809 2527; x_wconf 84' lang='lat' dir='ltr'><strong>videor,</strong></span> <span class='ocrx_word' id='word_1_183' title='bbox 838 2468 870 2518; x_wconf 88' lang='lat' dir='ltr'><strong>ct</strong></span> <span class='ocrx_word' id='word_1_184' title='bbox 891 2467 966 2539; x_wconf 91' lang='lat' dir='ltr'><strong>puto</strong></span> <span class='ocrx_word' id='word_1_185' title='bbox 988 2460 1079 2520; x_wconf 91' lang='lat' dir='ltr'><strong>idad</strong></span> <span class='ocrx_word' id='word_1_186' title='bbox 1102 2459 1213 2522; x_wconf 83' lang='lat' dir='ltr'><strong>Christi</strong></span> <span class='ocrx_word' id='word_1_187' title='bbox 1242 2461 1370 2541; x_wconf 85' lang='lat' dir='ltr'><strong>gloriam</strong></span> <span class='ocrx_word' id='word_1_188' title='bbox 1390 2461 1444 2520; x_wconf 93' lang='lat' dir='ltr'><strong>im·</strong></span> 
     </span>
     <span class='ocr_line' id='line_1_22' title="bbox 308 2559 1444 2643; baseline 0.002 -23"><span class='ocrx_word' id='word_1_189' title='bbox 308 2561 437 2640; x_wconf 76' lang='lat' dir='ltr'><strong>oprimis</strong></span> <span class='ocrx_word' id='word_1_190' title='bbox 457 2559 627 2639; x_wconf 84' lang='lat' dir='ltr'><strong>pertinere,</strong></span> <span class='ocrx_word' id='word_1_191' title='bbox 649 2568 683 2618; x_wconf 89' lang='lat' dir='ltr'><strong>ut</strong></span> <span class='ocrx_word' id='word_1_192' title='bbox 704 2559 786 2626; x_wconf 89' lang='lat' dir='ltr'><strong>illius</strong></span> <span class='ocrx_word' id='word_1_193' title='bbox 808 2559 989 2622; x_wconf 81' lang='lat' dir='ltr'><strong>heneficium</strong></span> <span class='ocrx_word' id='word_1_194' title='bbox 1011 2581 1101 2641; x_wconf 91' lang='lat' dir='ltr'><strong>quam</strong></span> <span class='ocrx_word' id='word_1_195' title='bbox 1119 2563 1263 2623; x_wconf 90' lang='lat' dir='ltr'><strong>latissime</strong></span> <span class='ocrx_word' id='word_1_196' title='bbox 1282 2573 1384 2643; x_wconf 89' lang='lat' dir='ltr'><strong>patore</strong></span> <span class='ocrx_word' id='word_1_197' title='bbox 1406 2581 1444 2622; x_wconf 85' lang='lat' dir='ltr'><strong>ex</strong></span> 
     </span>
     <span class='ocr_line' id='line_1_23' title="bbox 307 2662 1441 2746; baseline 0.004 -25"><span class='ocrx_word' id='word_1_198' title='bbox 307 2663 424 2724; x_wconf 81' lang='lat' dir='ltr'><strong>»verbo</strong></span> <span class='ocrx_word' id='word_1_199' title='bbox 453 2662 507 2724; x_wconf 86' lang='lat' dir='ltr'><strong>[lai</strong></span> <span class='ocrx_word' id='word_1_200' title='bbox 536 2663 698 2724; x_wconf 88' lang='lat' dir='ltr'><strong>doceamus</strong></span> <span class='ocrx_word' id='word_1_201' title='bbox 722 2673 793 2724; x_wconf 89' lang='lat' dir='ltr'><strong>cett.</strong></span> <span class='ocrx_word' id='word_1_202' title='bbox 811 2663 860 2746; x_wconf 66' lang='grc' dir='ltr'><strong>ο).”</strong></span> <span class='ocrx_word' id='word_1_203' title='bbox 904 2663 987 2735; x_wconf 85' lang='lat' dir='ltr'><strong>Quae</strong></span> <span class='ocrx_word' id='word_1_204' title='bbox 1015 2665 1107 2728; x_wconf 84' lang='lat' dir='ltr'><strong>verba</strong></span> <span class='ocrx_word' id='word_1_205' title='bbox 1135 2667 1339 2728; x_wconf 87' lang='lat' dir='ltr'><strong>liberaliorem</strong></span> <span class='ocrx_word' id='word_1_206' title='bbox 1370 2685 1441 2726; x_wconf 90' lang='lat' dir='ltr'><strong>sane</strong></span> 
     </span>
     <span class='ocr_line' id='line_1_24' title="bbox 308 2766 1442 2846; baseline 0 -18"><span class='ocrx_word' id='word_1_207' title='bbox 308 2767 419 2829; x_wconf 76' lang='lat' dir='ltr'><strong>latentis</strong></span> <span class='ocrx_word' id='word_1_208' title='bbox 441 2766 638 2828; x_wconf 89' lang='lat' dir='ltr'><strong>directionem</strong></span> <span class='ocrx_word' id='word_1_209' title='bbox 661 2766 791 2846; x_wconf 89' lang='lat' dir='ltr'><strong>spirant,</strong></span> <span class='ocrx_word' id='word_1_210' title='bbox 820 2785 910 2845; x_wconf 88' lang='lat' dir='ltr'><strong>quam</strong></span> <span class='ocrx_word' id='word_1_211' title='bbox 938 2775 972 2826; x_wconf 87' lang='lat' dir='ltr'><strong>ut</strong></span> <span class='ocrx_word' id='word_1_212' title='bbox 1000 2767 1093 2826; x_wconf 91' lang='lat' dir='ltr'><strong>solius</strong></span> <span class='ocrx_word' id='word_1_213' title='bbox 1121 2767 1271 2829; x_wconf 85' lang='lat' dir='ltr'><strong>salvificae</strong></span> <span class='ocrx_word' id='word_1_214' title='bbox 1292 2767 1442 2830; x_wconf 84' lang='lat' dir='ltr'><strong>Ecclesiae</strong></span> 
     </span>
     <span class='ocr_line' id='line_1_25' title="bbox 309 2867 1442 2952; baseline 0.001 -19"><span class='ocrx_word' id='word_1_215' title='bbox 309 2873 418 2952; x_wconf 79' lang='lat' dir='ltr'><strong>dogma</strong></span> <span class='ocrx_word' id='word_1_216' title='bbox 446 2871 513 2934; x_wconf 90' lang='lat' dir='ltr'><strong>iure</strong></span> <span class='ocrx_word' id='word_1_217' title='bbox 542 2867 635 2930; x_wconf 84' lang='lat' dir='ltr'><strong>Lasso</strong></span> <span class='ocrx_word' id='word_1_218' title='bbox 657 2869 779 2930; x_wconf 86' lang='lat' dir='ltr'><strong>obtrudi</strong></span> <span class='ocrx_word' id='word_1_219' title='bbox 805 2879 914 2948; x_wconf 90' lang='lat' dir='ltr'><strong>posset.</strong></span> <span class='ocrx_word' id='word_1_220' title='bbox 957 2868 1071 2940; x_wconf 83' lang='lat' dir='ltr'><strong>Quodsi</strong></span> <span class='ocrx_word' id='word_1_221' title='bbox 1093 2881 1194 2933; x_wconf 91' lang='lat' dir='ltr'><strong>tamen</strong></span> <span class='ocrx_word' id='word_1_222' title='bbox 1216 2874 1248 2934; x_wconf 90' lang='lat' dir='ltr'><strong>in</strong></span> <span class='ocrx_word' id='word_1_223' title='bbox 1270 2873 1377 2934; x_wconf 88' lang='lat' dir='ltr'><strong>vicinis</strong></span> <span class='ocrx_word' id='word_1_224' title='bbox 1398 2873 1442 2934; x_wconf 93' lang='lat' dir='ltr'><strong>di·</strong></span> 
     </span>
     <span class='ocr_line' id='line_1_26' title="bbox 310 2971 1444 3056; baseline 0.003 -20"><span class='ocrx_word' id='word_1_225' title='bbox 310 2987 391 3036; x_wconf 87' lang='lat' dir='ltr'><strong>sorte</strong></span> <span class='ocrx_word' id='word_1_226' title='bbox 419 2973 506 3034; x_wconf 89' lang='lat' dir='ltr'><strong>nohis</strong></span> <span class='ocrx_word' id='word_1_227' title='bbox 535 2982 678 3034; x_wconf 89' lang='lat' dir='ltr'><strong>testatur:</strong></span> <span class='ocrx_word' id='word_1_228' title='bbox 712 2971 865 3034; x_wconf 73' lang='lat' dir='ltr'><strong>»Taunum</strong></span> <span class='ocrx_word' id='word_1_229' title='bbox 890 2973 989 3042; x_wconf 86' lang='lat' dir='ltr'><strong>abest,</strong></span> <span class='ocrx_word' id='word_1_230' title='bbox 1019 2985 1054 3035; x_wconf 90' lang='lat' dir='ltr'><strong>ut</strong></span> <span class='ocrx_word' id='word_1_231' title='bbox 1082 2977 1187 3037; x_wconf 90' lang='lat' dir='ltr'><strong>salutis</strong></span> <span class='ocrx_word' id='word_1_232' title='bbox 1215 2977 1444 3056; x_wconf 88' lang='lat' dir='ltr'><strong>promissionem</strong></span> 
     </span>
     <span class='ocr_line' id='line_1_27' title="bbox 312 3077 1445 3162; baseline 0 -22"><span class='ocrx_word' id='word_1_233' title='bbox 312 3079 371 3140; x_wconf 83' lang='lat' dir='ltr'><strong>»ad</strong></span> <span class='ocrx_word' id='word_1_234' title='bbox 400 3089 520 3139; x_wconf 89' lang='lat' dir='ltr'><strong>coetum</strong></span> <span class='ocrx_word' id='word_1_235' title='bbox 549 3077 710 3158; x_wconf 90' lang='lat' dir='ltr'><strong>impiorum</strong></span> <span class='ocrx_word' id='word_1_236' title='bbox 739 3077 905 3138; x_wconf 80' lang='lat' dir='ltr'><strong>transferre</strong></span> <span class='ocrx_word' id='word_1_237' title='bbox 934 3079 1081 3140; x_wconf 89' lang='lat' dir='ltr'><strong>voluerim</strong></span> <span class='ocrx_word' id='word_1_238' title='bbox 1104 3080 1159 3162; x_wconf 83' lang='lat'><strong>⁷),&#39;&#39;</strong></span> <span class='ocrx_word' id='word_1_239' title='bbox 1192 3083 1208 3142; x_wconf 78' lang='lat' dir='ltr'><strong>a</strong></span> <span class='ocrx_word' id='word_1_240' title='bbox 1237 3079 1330 3142; x_wconf 89' lang='lat' dir='ltr'><strong>Lasco</strong></span> <span class='ocrx_word' id='word_1_241' title='bbox 1358 3081 1445 3142; x_wconf 90' lang='lat' dir='ltr'><strong>nohis</strong></span> 
     </span>
     <span class='ocr_line' id='line_1_28' title="bbox 312 3183 1444 3264; baseline 0.002 -20"><span class='ocrx_word' id='word_1_242' title='bbox 312 3193 491 3264; x_wconf 88' lang='lat' dir='ltr'><strong>argumento</strong></span> <span class='ocrx_word' id='word_1_243' title='bbox 513 3191 574 3252; x_wconf 91' lang='lat' dir='ltr'><strong>est,</strong></span> <span class='ocrx_word' id='word_1_244' title='bbox 596 3183 687 3262; x_wconf 83' lang='lat' dir='ltr'><strong>quam</strong></span> <span class='ocrx_word' id='word_1_245' title='bbox 708 3201 800 3263; x_wconf 81' lang='lat' dir='ltr'><strong>grave</strong></span> <span class='ocrx_word' id='word_1_246' title='bbox 821 3183 860 3242; x_wconf 91' lang='lat' dir='ltr'><strong>sit</strong></span> <span class='ocrx_word' id='word_1_247' title='bbox 882 3201 916 3242; x_wconf 91' lang='lat' dir='ltr'><strong>ac</strong></span> <span class='ocrx_word' id='word_1_248' title='bbox 937 3183 1059 3244; x_wconf 87' lang='lat' dir='ltr'><strong>difficile</strong></span> <span class='ocrx_word' id='word_1_249' title='bbox 1080 3185 1284 3246; x_wconf 90' lang='lat' dir='ltr'><strong>inveteratum</strong></span> <span class='ocrx_word' id='word_1_250' title='bbox 1302 3194 1444 3246; x_wconf 81' lang='lat' dir='ltr'><strong>excutere</strong></span> 
     </span>
     <span class='ocr_line' id='line_1_29' title="bbox 311 3287 1446 3365; baseline 0.004 -19"><span class='ocrx_word' id='word_1_251' title='bbox 311 3303 463 3356; x_wconf 90' lang='lat' dir='ltr'><strong>errorem,</strong></span> <span class='ocrx_word' id='word_1_252' title='bbox 492 3287 545 3365; x_wconf 89' lang='lat' dir='ltr'><strong>qui</strong></span> <span class='ocrx_word' id='word_1_253' title='bbox 571 3305 625 3365; x_wconf 90' lang='lat' dir='ltr'><strong>per</strong></span> <span class='ocrx_word' id='word_1_254' title='bbox 652 3287 782 3346; x_wconf 91' lang='lat' dir='ltr'><strong>multum</strong></span> <span class='ocrx_word' id='word_1_255' title='bbox 811 3288 999 3348; x_wconf 87' lang='lat' dir='ltr'><strong>saeculorum</strong></span> <span class='ocrx_word' id='word_1_256' title='bbox 1027 3287 1189 3350; x_wconf 88' lang='lat' dir='ltr'><strong>decursum</strong></span> <span class='ocrx_word' id='word_1_257' title='bbox 1218 3299 1279 3350; x_wconf 90' lang='lat' dir='ltr'><strong>tam</strong></span> <span class='ocrx_word' id='word_1_258' title='bbox 1308 3291 1384 3350; x_wconf 90' lang='lat' dir='ltr'><strong>altas</strong></span> <span class='ocrx_word' id='word_1_259' title='bbox 1412 3289 1446 3350; x_wconf 91' lang='lat' dir='ltr'><strong>in</strong></span> 
     </span>
     <span class='ocr_line' id='line_1_30' title="bbox 312 3390 1445 3475; baseline 0.004 -26"><span class='ocrx_word' id='word_1_260' title='bbox 312 3391 455 3450; x_wconf 88' lang='lat' dir='ltr'><strong>universo</strong></span> <span class='ocrx_word' id='word_1_261' title='bbox 483 3390 617 3450; x_wconf 90' lang='lat' dir='ltr'><strong>humano</strong></span> <span class='ocrx_word' id='word_1_262' title='bbox 645 3409 758 3470; x_wconf 82' lang='lat' dir='ltr'><strong>genere</strong></span> <span class='ocrx_word' id='word_1_263' title='bbox 786 3392 850 3471; x_wconf 79' lang='lat' dir='ltr'><strong>egit</strong></span> <span class='ocrx_word' id='word_1_264' title='bbox 871 3391 988 3452; x_wconf 89' lang='lat' dir='ltr'><strong>radices</strong></span> <span class='ocrx_word' id='word_1_265' title='bbox 1013 3402 1045 3452; x_wconf 89' lang='lat' dir='ltr'><strong>et</strong></span> <span class='ocrx_word' id='word_1_266' title='bbox 1066 3395 1218 3456; x_wconf 88' lang='lat' dir='ltr'><strong>communi</strong></span> <span class='ocrx_word' id='word_1_267' title='bbox 1240 3395 1373 3456; x_wconf 90' lang='lat' dir='ltr'><strong>omnium</strong></span> <span class='ocrx_word' id='word_1_268' title='bbox 1395 3413 1445 3475; x_wconf 90' lang='lat' dir='ltr'><strong>ap·</strong></span> 
     </span>
     <span class='ocr_line' id='line_1_31' title="bbox 312 3491 706 3574; baseline -0.005 -21"><span class='ocrx_word' id='word_1_269' title='bbox 312 3494 420 3574; x_wconf 89' lang='lat' dir='ltr'><strong>plausu</strong></span> <span class='ocrx_word' id='word_1_270' title='bbox 441 3491 600 3572; x_wconf 87' lang='lat' dir='ltr'><strong>approbari</strong></span> <span class='ocrx_word' id='word_1_271' title='bbox 621 3492 706 3552; x_wconf 89' lang='lat' dir='ltr'><strong>solet.</strong></span> 
     </span>
    </p>

    <p class='ocr_par' dir='ltr' id='par_1_3' title="bbox 314 3596 1449 3998">
     <span class='ocr_line' id='line_1_32' title="bbox 354 3596 1446 3679; baseline 0.009 -24"><span class='ocrx_word' id='word_1_272' title='bbox 354 3596 515 3656; x_wconf 86' lang='lat' dir='ltr'><strong>Ecclesiam</strong></span> <span class='ocrx_word' id='word_1_273' title='bbox 537 3612 627 3674; x_wconf 88' lang='lat' dir='ltr'><strong>porro</strong></span> <span class='ocrx_word' id='word_1_274' title='bbox 647 3613 737 3656; x_wconf 84' lang='lat' dir='ltr'><strong>onam</strong></span> <span class='ocrx_word' id='word_1_275' title='bbox 757 3614 838 3666; x_wconf 88' lang='lat' dir='ltr'><strong>csse,</strong></span> <span class='ocrx_word' id='word_1_276' title='bbox 860 3603 991 3658; x_wconf 82' lang='lat' dir='ltr'><strong>sanctam</strong></span> <span class='ocrx_word' id='word_1_277' title='bbox 1008 3607 1099 3679; x_wconf 90' lang='lat' dir='ltr'><strong>atque</strong></span> <span class='ocrx_word' id='word_1_278' title='bbox 1118 3599 1289 3669; x_wconf 78' lang='lat' dir='ltr'><strong>catholicum</strong></span> <span class='ocrx_word' id='word_1_279' title='bbox 1306 3604 1446 3664; x_wconf 91' lang='lat' dir='ltr'><strong>solemni·</strong></span> 
     </span>
     <span class='ocr_line' id='line_1_33' title="bbox 314 3698 1447 3783; baseline 0.009 -25"><span class='ocrx_word' id='word_1_280' title='bbox 314 3710 362 3758; x_wconf 87' lang='lat' dir='ltr'><strong>ter</strong></span> <span class='ocrx_word' id='word_1_281' title='bbox 383 3707 489 3759; x_wconf 89' lang='lat' dir='ltr'><strong>noster</strong></span> <span class='ocrx_word' id='word_1_282' title='bbox 509 3699 674 3761; x_wconf 86' lang='lat' dir='ltr'><strong>confitetur</strong></span> <span class='ocrx_word' id='word_1_283' title='bbox 695 3701 727 3760; x_wconf 93' lang='lat' dir='ltr'><strong>in</strong></span> <span class='ocrx_word' id='word_1_284' title='bbox 749 3719 785 3761; x_wconf 90' lang='lat' dir='ltr'><strong>eo</strong></span> <span class='ocrx_word' id='word_1_285' title='bbox 808 3699 943 3781; x_wconf 82' lang='lat' dir='ltr'><strong>Symboli</strong></span> <span class='ocrx_word' id='word_1_286' title='bbox 966 3698 1110 3773; x_wconf 89' lang='lat' dir='ltr'><strong>articulo,</strong></span> <span class='ocrx_word' id='word_1_287' title='bbox 1139 3705 1191 3783; x_wconf 91' lang='lat' dir='ltr'><strong>qui</strong></span> <span class='ocrx_word' id='word_1_288' title='bbox 1220 3715 1265 3766; x_wconf 89' lang='lat' dir='ltr'><strong>cst</strong></span> <span class='ocrx_word' id='word_1_289' title='bbox 1286 3707 1325 3768; x_wconf 94' lang='lat' dir='ltr'><strong>de</strong></span> <span class='ocrx_word' id='word_1_290' title='bbox 1347 3705 1447 3768; x_wconf 86' lang='lat' dir='ltr'><strong>Eccle-</strong></span> 
     </span>
     <span class='ocr_line' id='line_1_34' title="bbox 314 3803 1448 3886; baseline 0.007 -24"><span class='ocrx_word' id='word_1_291' title='bbox 314 3803 357 3862; x_wconf 89' lang='lat' dir='ltr'><strong>sia</strong></span> <span class='ocrx_word' id='word_1_292' title='bbox 375 3803 413 3884; x_wconf 63' lang='grc' dir='ltr'><strong>Β),</strong></span> <span class='ocrx_word' id='word_1_293' title='bbox 435 3812 466 3863; x_wconf 88' lang='lat' dir='ltr'><strong>ct</strong></span> <span class='ocrx_word' id='word_1_294' title='bbox 488 3822 578 3882; x_wconf 91' lang='lat' dir='ltr'><strong>quem</strong></span> <span class='ocrx_word' id='word_1_295' title='bbox 600 3805 639 3865; x_wconf 90' lang='lat' dir='ltr'><strong>sit</strong></span> <span class='ocrx_word' id='word_1_296' title='bbox 661 3805 750 3886; x_wconf 81' lang='lat' dir='ltr'><strong>legit:</strong></span> <span class='ocrx_word' id='word_1_297' title='bbox 781 3804 902 3866; x_wconf 74' lang='lat' dir='ltr'><strong>acredo</strong></span> <span class='ocrx_word' id='word_1_298' title='bbox 931 3826 1022 3867; x_wconf 86' lang='lat' dir='ltr'><strong>unam</strong></span> <span class='ocrx_word' id='word_1_299' title='bbox 1050 3817 1184 3870; x_wconf 88' lang='lat' dir='ltr'><strong>sanctam</strong></span> <span class='ocrx_word' id='word_1_300' title='bbox 1213 3809 1374 3872; x_wconf 88' lang='lat' dir='ltr'><strong>Ecclesiam</strong></span> <span class='ocrx_word' id='word_1_301' title='bbox 1395 3810 1448 3870; x_wconf 90' lang='lat' dir='ltr'><strong>Ca·</strong></span> 
     </span>
     <span class='ocr_line' id='line_1_35' title="bbox 315 3905 1449 3998; baseline 0.007 -32"><span class='ocrx_word' id='word_1_302' title='bbox 315 3905 481 3967; x_wconf 81' lang='lat' dir='ltr'><strong>»tholicam</strong></span> <span class='ocrx_word' id='word_1_303' title='bbox 499 3907 555 3989; x_wconf 75' lang='lat'><strong>⁹),&#39;&#39;</strong></span> <span class='ocrx_word' id='word_1_304' title='bbox 575 3907 695 3989; x_wconf 88' lang='lat' dir='ltr'><strong>(omissa</strong></span> <span class='ocrx_word' id='word_1_305' title='bbox 717 3911 938 3990; x_wconf 87' lang='lat' dir='ltr'><strong>praepositione</strong></span> <span class='ocrx_word' id='word_1_306' title='bbox 961 3911 993 3972; x_wconf 79' lang='lat' dir='ltr'><strong>io</strong></span> <span class='ocrx_word' id='word_1_307' title='bbox 1014 3921 1045 3972; x_wconf 86' lang='lat' dir='ltr'><strong>et</strong></span> <span class='ocrx_word' id='word_1_308' title='bbox 1067 3913 1239 3992; x_wconf 89' lang='lat' dir='ltr'><strong>praedicato</strong></span> <span class='ocrx_word' id='word_1_309' title='bbox 1267 3913 1449 3998; x_wconf 77' lang='lat' dir='ltr'><strong>Apostolieo).</strong></span> 
     </span>
    </p>
   </div>
   <div class='ocr_carea' id='block_1_3' title="bbox 356 4141 1450 4286">
    <p class='ocr_par' dir='ltr' id='par_1_4' title="bbox 356 4141 1450 4286">
     <span class='ocr_line' id='line_1_36' title="bbox 356 4141 1450 4209; baseline 0.006 -20"><span class='ocrx_word' id='word_1_310' title='bbox 356 4141 376 4202; x_wconf 82' lang='grc'><strong>4)</strong></span> <span class='ocrx_word' id='word_1_311' title='bbox 395 4141 482 4190; x_wconf 81' lang='lat' dir='ltr'><strong>Forma</strong></span> <span class='ocrx_word' id='word_1_312' title='bbox 498 4156 529 4190; x_wconf 83' lang='lat' dir='ltr'><strong>ac</strong></span> <span class='ocrx_word' id='word_1_313' title='bbox 545 4144 592 4190; x_wconf 77' lang='lat' dir='ltr'><strong>rat.</strong></span> <span class='ocrx_word' id='word_1_314' title='bbox 604 4141 660 4192; x_wconf 83' lang='lat' dir='ltr'><strong>min.</strong></span> <span class='ocrx_word' id='word_1_315' title='bbox 672 4141 747 4194; x_wconf 81' lang='lat' dir='ltr'><strong>Laod.</strong></span> <span class='ocrx_word' id='word_1_316' title='bbox 758 4157 782 4206; x_wconf 92' lang='lat' dir='ltr'><strong>p.</strong></span> <span class='ocrx_word' id='word_1_317' title='bbox 795 4141 852 4192; x_wconf 84' lang='lat' dir='ltr'><strong>too.</strong></span> <span class='ocrx_word' id='word_1_318' title='bbox 920 4142 940 4206; x_wconf 83' lang='lat'><strong>⁵)</strong></span> <span class='ocrx_word' id='word_1_319' title='bbox 958 4143 1001 4208; x_wconf 85' lang='lat' dir='ltr'><strong>Ep.</strong></span> <span class='ocrx_word' id='word_1_320' title='bbox 1013 4143 1048 4193; x_wconf 84' lang='lat' dir='ltr'><strong>ad</strong></span> <span class='ocrx_word' id='word_1_321' title='bbox 1057 4145 1089 4196; x_wconf 88' lang='lat' dir='ltr'><strong>N.</strong></span> <span class='ocrx_word' id='word_1_322' title='bbox 1099 4145 1131 4194; x_wconf 87' lang='lat' dir='ltr'><strong>N.</strong></span> <span class='ocrx_word' id='word_1_323' title='bbox 1144 4146 1206 4208; x_wconf 84' lang='lat' dir='ltr'><strong>(Ser.</strong></span> <span class='ocrx_word' id='word_1_324' title='bbox 1218 4149 1269 4196; x_wconf 81' lang='lat' dir='ltr'><strong>aot.</strong></span> <span class='ocrx_word' id='word_1_325' title='bbox 1279 4145 1313 4194; x_wconf 87' lang='lat' dir='ltr'><strong>ll.</strong></span> <span class='ocrx_word' id='word_1_326' title='bbox 1326 4145 1361 4196; x_wconf 72' lang='lat'><strong>1³.</strong></span> <span class='ocrx_word' id='word_1_327' title='bbox 1373 4145 1450 4209; x_wconf 82' lang='grc'>489.)</span> 
     </span>
     <span class='ocr_line' id='line_1_37' title="bbox 357 4221 922 4286; baseline 0.009 -17"><span class='ocrx_word' id='word_1_328' title='bbox 357 4223 376 4284; x_wconf 76' lang='grc'><strong>6)</strong></span> <span class='ocrx_word' id='word_1_329' title='bbox 396 4224 444 4286; x_wconf 82' lang='lat' dir='ltr'><strong>Ep.</strong></span> <span class='ocrx_word' id='word_1_330' title='bbox 461 4221 496 4271; x_wconf 82' lang='lat' dir='ltr'><strong>od</strong></span> <span class='ocrx_word' id='word_1_331' title='bbox 510 4222 658 4272; x_wconf 77' lang='lat' dir='ltr'><strong>Melanchld.</strong></span> <span class='ocrx_word' id='word_1_332' title='bbox 677 4222 718 4286; x_wconf 85' lang='lat' dir='ltr'><strong>(it.</strong></span> <span class='ocrx_word' id='word_1_333' title='bbox 737 4223 772 4274; x_wconf 88' lang='grc' dir='ltr'><strong>ΙΙ.</strong></span> <span class='ocrx_word' id='word_1_334' title='bbox 791 4224 826 4274; x_wconf 69' lang='lat'><strong>1³.</strong></span> <span class='ocrx_word' id='word_1_335' title='bbox 843 4224 922 4286; x_wconf 68' lang='lat'><strong>498.)-</strong></span> 
     </span>
    </p>
   </div>
   <div class='ocr_carea' id='block_1_4' title="bbox 318 4303 1451 4452">
    <p class='ocr_par' dir='ltr' id='par_1_5' title="bbox 318 4303 1451 4452">
     <span class='ocr_line' id='line_1_38' title="bbox 357 4303 1451 4436; baseline 0.012 -85"><span class='ocrx_word' id='word_1_336' title='bbox 357 4303 377 4366; x_wconf 79' lang='lat' dir='ltr'><strong>t)</strong></span> <span class='ocrx_word' id='word_1_337' title='bbox 396 4304 432 4356; x_wconf 87' lang='lat' dir='ltr'><strong>Ib.</strong></span> <span class='ocrx_word' id='word_1_338' title='bbox 450 4319 474 4367; x_wconf 90' lang='lat' dir='ltr'><strong>p.</strong></span> <span class='ocrx_word' id='word_1_339' title='bbox 486 4304 550 4436; x_wconf 87' lang='lat'><strong>3500.</strong></span> <span class='ocrx_word' id='word_1_340' title='bbox 569 4305 604 4356; x_wconf 84' lang='lat' dir='ltr'><strong>Cf.</strong></span> <span class='ocrx_word' id='word_1_341' title='bbox 622 4307 665 4371; x_wconf 83' lang='lat' dir='ltr'><strong>Ep.</strong></span> <span class='ocrx_word' id='word_1_342' title='bbox 683 4306 718 4356; x_wconf 83' lang='lat' dir='ltr'><strong>cul</strong></span> <span class='ocrx_word' id='word_1_343' title='bbox 733 4307 806 4360; x_wconf 68' lang='grc' dir='ltr'><strong>ΜΝ.</strong></span> <span class='ocrx_word' id='word_1_344' title='bbox 824 4309 885 4371; x_wconf 80' lang='lat' dir='ltr'><strong>(Ser.</strong></span> <span class='ocrx_word' id='word_1_345' title='bbox 902 4311 952 4359; x_wconf 79' lang='lat' dir='ltr'><strong>ont.</strong></span> <span class='ocrx_word' id='word_1_346' title='bbox 971 4308 1005 4360; x_wconf 92' lang='lat' dir='ltr'><strong>II.</strong></span> <span class='ocrx_word' id='word_1_347' title='bbox 1025 4309 1060 4362; x_wconf 70' lang='lat'><strong>1⁸.</strong></span> <span class='ocrx_word' id='word_1_348' title='bbox 1077 4311 1154 4376; x_wconf 75' lang='grc'>499).</span> <span class='ocrx_word' id='word_1_349' title='bbox 1175 4312 1262 4364; x_wconf 80' lang='lat' dir='ltr'><strong>Forma</strong></span> <span class='ocrx_word' id='word_1_350' title='bbox 1278 4325 1308 4362; x_wconf 81' lang='lat' dir='ltr'><strong>oc</strong></span> <span class='ocrx_word' id='word_1_351' title='bbox 1328 4314 1375 4364; x_wconf 78' lang='lat' dir='ltr'><strong>rol.</strong></span> <span class='ocrx_word' id='word_1_352' title='bbox 1393 4310 1451 4364; x_wconf 80' lang='lat' dir='ltr'><strong>mia.</strong></span> 
     </span>
     <span class='ocr_line' id='line_1_39' title="bbox 318 4387 508 4452; baseline 0.011 -16"><span class='ocrx_word' id='word_1_353' title='bbox 318 4387 392 4437; x_wconf 80' lang='lat' dir='ltr'><strong>Laod.</strong></span> <span class='ocrx_word' id='word_1_354' title='bbox 409 4403 433 4452; x_wconf 91' lang='lat' dir='ltr'><strong>p.</strong></span> <span class='ocrx_word' id='word_1_355' title='bbox 452 4387 484 4436; x_wconf 75' lang='lat'><strong>34</strong></span> <span class='ocrx_word' id='word_1_356' title='bbox 503 4425 508 4438; x_wconf 92' lang='lat'><strong>.</strong></span> 
     </span>
    </p>
   </div>
   <div class='ocr_carea' id='block_1_5' title="bbox 318 4469 1071 4632">
    <p class='ocr_par' dir='ltr' id='par_1_6' title="bbox 318 4469 1071 4632">
     <span class='ocr_line' id='line_1_40' title="bbox 318 4469 1071 4536; baseline 0.012 -18"><span class='ocrx_word' id='word_1_357' title='bbox 318 4514 320 4518; x_wconf 88' lang='lat'><strong>.</strong></span> <span class='ocrx_word' id='word_1_358' title='bbox 346 4469 368 4532; x_wconf 75' lang='grc'><strong>8)</strong></span> <span class='ocrx_word' id='word_1_359' title='bbox 387 4471 473 4520; x_wconf 82' lang='lat' dir='ltr'><strong>Forma</strong></span> <span class='ocrx_word' id='word_1_360' title='bbox 490 4485 520 4520; x_wconf 83' lang='lat' dir='ltr'><strong>aa</strong></span> <span class='ocrx_word' id='word_1_361' title='bbox 536 4474 583 4520; x_wconf 78' lang='lat' dir='ltr'><strong>rat.</strong></span> <span class='ocrx_word' id='word_1_362' title='bbox 601 4470 656 4520; x_wconf 82' lang='lat' dir='ltr'><strong>mia.</strong></span> <span class='ocrx_word' id='word_1_363' title='bbox 673 4470 748 4523; x_wconf 72' lang='lat' dir='ltr'><strong>hond.</strong></span> <span class='ocrx_word' id='word_1_364' title='bbox 765 4479 789 4536; x_wconf 87' lang='lat' dir='ltr'><strong>p.</strong></span> <span class='ocrx_word' id='word_1_365' title='bbox 807 4473 852 4532; x_wconf 79' lang='lat'><strong>94,</strong></span> <span class='ocrx_word' id='word_1_366' title='bbox 871 4471 916 4534; x_wconf 82' lang='grc'><strong>95,</strong></span> <span class='ocrx_word' id='word_1_367' title='bbox 935 4475 995 4535; x_wconf 74' lang='lat'><strong>174,</strong></span> <span class='ocrx_word' id='word_1_368' title='bbox 1014 4476 1071 4530; x_wconf 74' lang='lat'><strong>629.</strong></span> 
     </span>
     <span class='ocr_line' id='line_1_41' title="bbox 359 4549 964 4632; baseline 0.008 -28"><span class='ocrx_word' id='word_1_369' title='bbox 359 4553 379 4628; x_wconf 77' lang='lat'><strong>⁹)</strong></span> <span class='ocrx_word' id='word_1_370' title='bbox 398 4551 435 4613; x_wconf 84' lang='lat' dir='ltr'><strong>lb.</strong></span> <span class='ocrx_word' id='word_1_371' title='bbox 453 4551 497 4615; x_wconf 81' lang='lat'><strong>73,</strong></span> <span class='ocrx_word' id='word_1_372' title='bbox 516 4549 572 4606; x_wconf 82' lang='lat' dir='ltr'><strong>tto.</strong></span> <span class='ocrx_word' id='word_1_373' title='bbox 590 4551 626 4604; x_wconf 85' lang='lat' dir='ltr'><strong>Cl.</strong></span> <span class='ocrx_word' id='word_1_374' title='bbox 647 4553 699 4614; x_wconf 72' lang='lat' dir='ltr'><strong>aas.</strong></span> <span class='ocrx_word' id='word_1_375' title='bbox 715 4553 791 4614; x_wconf 69' lang='lat' dir='ltr'><strong>hond,</strong></span> <span class='ocrx_word' id='word_1_376' title='bbox 808 4555 864 4610; x_wconf 83' lang='lat' dir='ltr'><strong>mai.</strong></span> <span class='ocrx_word' id='word_1_377' title='bbox 881 4571 906 4632; x_wconf 84' lang='lat' dir='ltr'><strong>p.</strong></span> <span class='ocrx_word' id='word_1_378' title='bbox 924 4557 964 4612; x_wconf 80' lang='grc'><strong>76.</strong></span> 
     </span>
    </p>
   </div>
   <div class='ocr_carea' id='block_1_6' title="bbox 0 0 1651 5092">
    <p class='ocr_par' dir='ltr' id='par_1_7' title="bbox 0 0 1651 5092">
     <span class='ocr_line' id='line_1_42' title="bbox 0 0 1651 5092; baseline 0 0"><span class='ocrx_word' id='word_1_379' title='bbox 0 0 1651 5092; x_wconf 95' lang='lat' dir='ltr'><strong> </strong></span> 
     </span>
    </p>
   </div>
  </div>
 </body>
</html>
