3240 5100
735 302 793 362 ibt

197 521 252 564 »se
274 501 387 562 habere
409 501 530 571 credat,
552 501 633 581 quod
657 501 791 562 officeret
813 500 968 568 electioni,
990 500 1021 560 id
1043 501 1140 580 ipsum
1160 501 1336 564 Senioribus

197 607 359 688 »privatim
381 607 515 668 indicare
538 607 628 676 velit,
650 617 684 666 ut
706 607 738 666 in
761 617 850 666 coetu
872 605 994 666 demum
1017 605 1116 684 gravis
1138 607 1337 668 accusationis

104 741 107 747 ·
198 711 403 772 »examinatio
425 711 539 792 llat⁵).”
575 737 587 764 »
598 709 629 770 Si
653 711 726 790 quid
749 711 894 770 adversus
914 711 1030 770 electos
1048 710 1234 789 proferatur,
1256 711 1337 790 quod

198 817 399 876 »electionem
425 815 549 876 dubiam
575 817 686 876 merito
708 816 806 876 lacere
829 833 914 894 posse
937 815 1092 883 videatur,
1114 813 1201 874 electi
1224 815 1262 874 ad
1283 815 1336 874 mi·

198 921 377 980 »nistcrium
398 939 459 980 non
482 921 701 988 admittuntur,
724 921 777 980 sed
799 899 830 978 in
851 920 949 978 locum
972 919 1092 978 illorum
1111 918 1338 978 substituuntur

198 1027 271 1085 »alii
282 1025 332 1107 1).”
365 1025 523 1104 »lienique
546 1025 630 1106 regia
653 1025 833 1085 auctoritate
852 1023 1059 1104 approbantur
1077 1021 1337 1103 Superintendens

198 1140 251 1190 ret
279 1129 364 1190 verbi
393 1130 536 1198 ministri,
565 1130 675 1208 reliqui
703 1147 776 1190 vero
806 1125 946 1187 Seniorcs
975 1145 1094 1196 omnes,
1121 1125 1243 1186 Diaconi
1264 1125 1338 1184 item

198 1235 282 1294 »sola
306 1232 465 1294 seniorum
487 1244 518 1293 et
541 1231 692 1293 Ecclesiae
714 1233 896 1296 auctoritate
919 1229 1184 1311 approbantur⁷).”
1225 1227 1338 1298 Quodsi

196 1339 296 1397 minus
325 1337 458 1398 fideliter
483 1338 572 1398 electi
594 1357 721 1398 munere
744 1355 799 1398 suo
819 1337 1001 1416 iungantur,
1024 1333 1184 1394 Seniorum
1207 1333 1338 1393 officium

197 1453 257 1511 est,
281 1443 473 1502 »ministerio
492 1443 625 1522 ipsorum
644 1459 695 1501 cos
714 1459 782 1500 cum
802 1457 926 1500 assensu
943 1438 1093 1500 Ecclesiae
1105 1438 1274 1498 destituere
1285 1436 1338 1518 1).”

197 1566 221 1605 c.
248 1547 355 1620 Quibus
382 1546 494 1606 ritibus.
535 1545 657 1614 »Quum
686 1543 818 1606 Ecclesia
841 1563 902 1604 uno
928 1545 1030 1622 aliquo
1052 1553 1105 1602 aut
1127 1541 1263 1622 pluribus
1285 1541 1338 1600 mi·

199 1651 325 1710 »nistris
352 1667 425 1729 opus
454 1649 563 1718 habet,
592 1649 744 1730 pubiicum
767 1649 913 1708 indicitur
935 1649 1083 1708 ieiunium
1094 1647 1154 1727 ⁹)‚’'
1178 1656 1209 1705 et
1231 1645 1337 1704 solem·

197 1755 244 1812 nis
275 1753 425 1813 habeatur
452 1753 572 1821 concio,
605 1753 643 1812 ad
672 1761 775 1832 proces
804 1752 943 1832 publicas·
965 1751 1182 1819 instituendas,
1219 1751 1250 1809 in
1279 1769 1338 1828 qua

199 1859 287 1917 simul
310 1859 400 1918 ctiam
424 1859 518 1917 totius
539 1857 673 1916 muneris
691 1857 770 1916 ratio
789 1868 927 1916 accurate
947 1855 1096 1915 Ecclesiae
1109 1863 1278 1934 exponatur
1290 1852 1337 1933 l⁰),

199 1974 230 2022 et
253 1963 349 2042 palam
379 1961 488 2020 electio
517 1960 784 2040 promulgetur¹¹).
828 1959 1055 2019 »Trinundinas
1077 1968 1143 2038 post
1165 1959 1195 2017 in
1218 1956 1338 2036 publico

200 2067 316 2125 »totius
340 2065 486 2124 Ecclesiae
508 2075 598 2124 coetu
620 2065 708 2124 electi
734 2064 1024 2143 inaugurenruwr
1069 2063 1175 2121 »iuxta
1198 2061 1337 2141 apostoli·

200 2187 287 2229 »cam
309 2169 549 2236 observationem
573 2187 627 2247 per
648 2167 871 2247 impositionem
894 2186 1037 2228 manarum
1062 2166 1132 2247 ¹³),''
1154 2166 1196 2225 ita
1214 2175 1250 2224 ut
1269 2165 1337 2224 »alii

200 2275 353 2335 »ministri
383 2289 434 2332 ae·
452 2272 592 2332 Seniores
623 2271 774 2332 Ecclesiae
807 2291 912 2332 omnes
940 2270 1089 2352 capitibus
1116 2270 1255 2337 illorum,
1285 2269 1337 2348 qui

201 2378 312 2438 »electi
334 2387 421 2448 sunt,
443 2396 550 2438 manus
571 2397 631 2438 une
653 2395 758 2438 omnes
779 2377 936 2456 imponant
949 2376 1013 2456 11).”

526 2584 546 2666 §
568 2585 596 2644 t.
638 2583 837 2644 Ministrorum
861 2589 1018 2644 conventos.

241 2794 351 2856 Forma
373 2792 529 2873 regiminis
551 2790 769 2860 Ecclesiastici,
801 2809 878 2870 quae
902 2791 1063 2871 synodalis
1085 2790 1214 2859 dicitur,
1236 2791 1266 2849 in
1289 2787 1344 2850 La·

201 2901 241 2958 sci
265 2899 383 2978 seriptis
406 2897 546 2958 omnibus
567 2897 702 2956 numeris
722 2896 858 2956 absoluta
878 2897 965 2956 nobis
985 2895 1096 2955 tradita
1114 2913 1176 2954 non
1195 2904 1250 2954 est.
1283 2891 1344 2953 Nec

200 3005 324 3072 mirum;
359 3019 523 3080 numquam
552 3001 633 3060 enim
662 3002 679 3059 a
708 2999 802 3060 Lasco
832 2999 1000 3060 theoretice
1029 3017 1113 3058 suam
1142 2998 1180 3058 de
1209 2995 1344 3056 Ecclesia
1429 3067 1432 3076 Ι

204 3171 212 3174 -
224 3168 411 3178 „pm-,m
418 3167 439 3172 ...
446 3167 496 3172 ...-

242 3264 262 3325 1)
281 3264 316 3314 lb.
334 3279 357 3328 p.
376 3263 416 3312 20.
435 3263 471 3312 Of.
490 3261 522 3310 ib.
542 3263 648 3312 20-23.
751 3263 770 3323 1)
790 3261 826 3310 lb.
845 3277 868 3326 p.
881 3262 927 3336 24.
1029 3258 1049 3320 ⁷)
1070 3257 1105 3309 lb.
1124 3276 1146 3324 p.
1168 3280 1192 3324 γ.

242 3345 261 3408 ⁸)
280 3345 317 3394 Ib.
337 3361 360 3409 p.
381 3367 403 3393 v.
434 3344 469 3392 Cl.
491 3343 523 3392 ib.
545 3344 605 3403 532,
625 3345 685 3401 533,
705 3344 761 3392 534.
795 3343 884 3390 Valent
905 3343 962 3390 haec
982 3341 1062 3390 omnia
1083 3341 1109 3390 in
1130 3342 1250 3390 seniorum
1271 3341 1345 3392 etiam

203 3433 227 3476 ct
247 3428 400 3476 diaconorum
420 3425 546 3486 electione,
565 3426 627 3490 quod
647 3425 776 3474 observant
799 3425 872 3474 etiam
893 3437 1009 3472 nuenton
1029 3440 1049 3474 o.
1070 3423 1087 3474 l.
1109 3441 1133 3488 p.
1152 3424 1184 3472 60
1201 3428 1225 3472 et
1246 3437 1345 3472 consur.

203 3511 233 3570 (o.
251 3508 267 3556 l.
278 3509 298 3558 l.
307 3525 330 3572 p.
350 3507 425 3568 3419).
460 3506 544 3558 Minus
566 3510 629 3554 recte
650 3510 731 3556 tamen
753 3508 779 3556 in
799 3523 856 3556 voce
865 3507 971 3556 ministri
982 3509 1051 3572 (quae
1061 3522 1142 3554 omnes
1152 3522 1183 3556 sc.
1195 3506 1269 3554 simul
1281 3521 1344 3555 com·

202 3579 353 3654 plecteretur)
379 3587 551 3648 substiterunt,
579 3589 620 3636 ubi
645 3589 733 3638 diserta
758 3589 827 3638 Lassi
850 3591 990 3639 testimonia
1014 3591 1108 3654 praesto
1134 3591 1198 3638 sunt.
1233 3589 1346 3655 Sequitur

202 3672 267 3720 enim
288 3672 315 3719 in
334 3687 357 3734 p.
377 3671 417 3720 24.
449 3669 511 3728 „Hic
531 3673 611 3719 tamen
630 3671 744 3734 quaedam
762 3671 915 3735 peculiariter
931 3671 1085 3720 observantur
1100 3672 1161 3721 circa
1178 3673 1345 3721 ministrorum

204 3754 289 3811 „verti
314 3751 482 3801 electionem.'’
518 3751 587 3800 Unde
608 3753 717 3818 sequitur
740 3769 781 3812 ea,
798 3770 857 3818 quae
877 3753 1032 3817 praecedunt,
1050 3771 1131 3803 onmes
1148 3755 1280 3820 promiscue
1292 3768 1345 3817 spe·

204 3838 275 3885 ctare.
315 3836 438 3900 Nusquam
466 3834 594 3898 peculiaris
619 3839 738 3900 praeterea
764 3835 888 3885 seniorum
912 3833 1074 3898 eligendorum
1100 3837 1163 3884 ratio
1188 3835 1344 3895 describitur,

202 3921 226 3966 et
246 3921 326 3966 tamen
336 3919 362 3966 in
370 3917 563 3980 inaugurationis
575 3917 677 3966 formula
689 3916 801 3980 legimus:
827 3949 838 3975 „
847 3920 972 3981 postquam
981 3915 1090 3965 Seniores
1100 3916 1172 3966 electi
1182 3919 1252 3976 sunt,
1270 3921 1297 3966 ai
1304 3933 1344 3966 aa·

145 4007 147 4013 ’
205 4019 267 4066 „pro
282 4005 318 4050 ecl
337 3999 455 4057 dictom‚”
477 4017 500 4064 p.
520 4000 560 4050 42.
582 4003 606 4048 et
626 3999 739 4048 similiter
759 4000 785 4047 in
806 3997 959 4048 diaconorum
979 3997 1129 4048 initiatione:
1154 4003 1254 4064 „postea
1274 4013 1345 4062 quam

203 4081 303 4131 Diaconi
329 4081 389 4142 iam,
416 4087 462 4138 „nl
488 4083 643 4142 dictumest,
666 4081 737 4130 electi
759 4080 832 4130 sunt”
853 4098 876 4146 p.
894 4082 939 4140 48;
958 4081 985 4129 in
1006 4081 1092 4145 quibus
1114 4081 1193 4130 verbis
1213 4081 1276 4130 illud
1298 4085 1345 4138 „ut

129 4215 131 4222 ,
205 4165 317 4221 „dictum
341 4164 393 4214 cst’'
417 4165 550 4213 necessarie
576 4164 606 4213 ad
630 4181 657 4214 ea
682 4165 793 4230 respicit,
815 4179 875 4228 quae
904 4179 974 4230 supra
994 4163 1023 4214 de
1042 4164 1158 4214 electione
1178 4164 1345 4214 ministrorum

204 4247 230 4296 in
247 4247 360 4296 universo
381 4246 444 4295 dicte
462 4252 525 4296 sunt.
1068 4279 1070 4282 -

244 4330 263 4390 ⁹)
281 4331 367 4378 Formo
384 4345 413 4378 oe
429 4333 476 4378 rat.
494 4330 549 4378 min.
567 4329 641 4378 Lood.
659 4345 683 4393 p.
704 4333 729 4380 d.
833 4329 863 4391 111)
882 4328 918 4378 lb.
936 4346 959 4395 p.
979 4328 1072 4380 d-ld.

235 4411 265 4471 11)
283 4410 321 4461 lb.
339 4428 362 4476 p.
382 4411 425 4470 19,
446 4411 485 4459 20.
621 4411 653 4471 ¹²)
670 4410 707 4460 lb.
726 4427 749 4475 p.
768 4410 807 4459 30.
943 4412 974 4474 ¹³)
993 4412 1029 4460 lb.
1047 4429 1071 4476 p.
1090 4411 1129 4460 31.

233 4491 264 4554 ¹⁴)
284 4491 320 4543 lb.
348 4493 387 4546 37.
414 4491 449 4541 Cf.
472 4492 505 4542 ib.
531 4493 576 4550 46,
601 4491 639 4541 50.
675 4493 711 4540 Ne
735 4493 761 4540 in
785 4491 940 4542 diaconorum
962 4494 1062 4559 quidem
1080 4492 1219 4542 initiatione
1239 4491 1346 4543 diaconis

206 4589 320 4624 mannum
339 4573 463 4639 impositio
484 4573 621 4624 conceditur
642 4573 679 4625 Cf.
697 4573 730 4624 ib.
748 4589 770 4638 p.
790 4574 830 4625 50.
