3228 5102
809 259 849 322 aa

228 483 232 494 ·
266 461 424 521 invisibilis
453 461 600 522 Ecclesiae
629 461 767 522 doctrina
795 459 935 521 faciunda
959 461 997 520 sit
1018 459 1050 520 in
1072 459 1187 520 Calvini
1209 459 1247 519 de
1270 457 1400 520 Ecclesia

266 566 416 625 sententia
438 566 630 645 exploranda.

427 771 445 849 l
467 773 493 832 5.
536 771 648 849 Relatio
669 770 817 832 Ecclesiae
837 771 876 832 ed
897 769 1048 850 »Regnum
1070 769 1242 830 Coelorum.''

307 976 403 1058 Regni
433 978 592 1040 Coelorum
613 980 761 1060 imagine,
789 998 805 1038 a
832 978 998 1040 theoeratia
1020 975 1223 1038 Israelitarum
1245 985 1399 1044 mutuata,

265 1099 351 1140 usum
381 1081 474 1155 fuisse
503 1083 616 1151 lesum,
645 1093 680 1144 ut
708 1083 825 1144 ratione
854 1082 1030 1161 aequalibus
1051 1081 1113 1140 suis
1134 1079 1399 1160 comprehensibili

264 1184 384 1246 beatam
405 1186 487 1245 illam
509 1185 633 1246 humani
656 1187 776 1266 generis
798 1186 946 1246 indicaret
969 1185 1189 1252 conditionem,
1218 1203 1312 1262 quae,
1334 1183 1399 1243 eius

265 1291 443 1368 praesertim
466 1290 653 1369 apparitione
678 1289 833 1358 inchoiita,
856 1288 993 1350 infinitae
1016 1287 1210 1366 perfectionis
1231 1305 1338 1366 capax,
1368 1296 1399 1346 et

265 1411 354 1453 verae
375 1392 573 1453 humanitatis
595 1413 662 1453 cum
674 1393 736 1454 Deo
755 1395 933 1454 coniunctae
952 1392 1126 1452 charactere
1145 1391 1321 1470 conspicua,
1334 1399 1398 1450 tum

264 1497 409 1556 creatoris
438 1497 578 1576 gloriam,
607 1507 671 1556 tum
700 1507 908 1558 creaturarum
937 1504 1130 1574 promoveret
1162 1492 1397 1560 beatitudinem,
1452 1505 1458 1520 ¹

262 1597 377 1660 Calvini
396 1609 531 1679 tempore
554 1601 689 1660 nondum
711 1602 783 1661 satis
805 1599 1042 1678 intelligebatur.
1085 1595 1261 1657 Sententiae
1286 1613 1397 1654 cosmo·

263 1703 378 1783 logicae
408 1711 439 1762 et
467 1703 722 1783 eschatologioae‚
755 1703 864 1782 quibus
890 1712 973 1762 aetas
1001 1703 1051 1761 illa
1081 1701 1216 1768 favebat,
1248 1700 1279 1759 in
1309 1718 1397 1760 causa

260 1805 401 1874 luerunt,
424 1825 478 1865 eur
499 1806 537 1865 ad
558 1807 678 1866 literam
701 1806 839 1867 solebant
861 1806 898 1865 de
921 1823 1016 1884 regno
1039 1803 1198 1864 Coelorum
1220 1803 1289 1863 Iesu
1307 1804 1397 1864 effata

262 1909 406 1988 accipere.
449 1907 588 1986 Regnum
617 1907 687 1977 Dei,
719 1929 735 1968 a
766 1908 877 1968 Christi
909 1909 980 1968 inde
1010 1907 1144 1968 adventu
1172 1917 1397 1987 praeparatum,

263 2021 335 2070 tunc
357 2011 479 2079 demum
501 2011 703 2072 instauratum
726 2013 763 2072 iri
786 2012 1025 2081 arbitrabantur,
1048 2030 1141 2090 quum
1158 2012 1190 2070 in
1212 2030 1397 2072 consumma·

260 2115 343 2175 tione
366 2133 468 2174 rerum
490 2115 553 2194 ipse
576 2114 728 2184 Christus,
758 2117 930 2176 adversario
959 2133 1013 2174 suo
1036 2116 1114 2174 victo
1143 2126 1234 2193 atque
1257 2115 1396 2184 subacto,

258 2217 351 2278 iudex
379 2218 500 2278 sederet
529 2219 568 2278 de
589 2219 666 2278 vivis
688 2228 779 2298 atque
801 2219 937 2278 mortuis
980 2219 1021 2278 uo
1043 2219 1138 2298 magis
1156 2228 1258 2278 autem
1279 2219 1311 2277 in
1334 2217 1397 2278 Cal·

259 2322 329 2382 vino
361 2321 545 2382 laudandum
575 2331 638 2388 est,
666 2323 747 2401 qued
775 2323 872 2382 multo
901 2321 1010 2380 melius
1038 2321 1119 2381 illius
1148 2323 1234 2400 regni
1263 2323 1396 2383 indolem

257 2426 443 2505 perspexisse
474 2436 614 2505 apparet,
643 2425 695 2485 ubi
719 2424 747 2484 S.
771 2423 877 2504 Seript.
908 2425 1058 2503 interpres
1087 2425 1272 2502 dogmatices
1296 2426 1396 2485 minus

257 2528 395 2589 irretitus
428 2538 493 2588 erat
526 2529 652 2607 laqueis.
695 2527 779 2588 Vidit
801 2528 942 2588 Calvinus
962 2547 1090 2606 regnum
1112 2526 1285 2596 Coelorum,
1307 2529 1395 2607 quale

255 2632 417 2692 nunciam
440 2643 652 2712 praeparatur,
682 2633 871 2711 complexum
900 2650 966 2692 esse
992 2631 1201 2710 religiositatis
1223 2641 1254 2691 et
1276 2633 1395 2693 morali·

255 2736 344 2804 tatis,
366 2735 516 2796 abstracte
538 2745 701 2814 sumptum.
745 2733 962 2794 Locutionibus
991 2735 1075 2811 regui
1099 2733 1244 2795 Coeloruru
1264 2735 1303 2815 ¹),
1332 2738 1394 2796 sive

255 2838 339 2917 regni
360 2837 414 2898 Dei
429 2837 463 2918 ¹),
485 2837 548 2896 sive
567 2835 650 2914 repoi
671 2833 779 2895 Christi
798 2837 835 2916 ²),
857 2835 920 2894 sive
941 2843 988 2910 τῆς
1008 2838 1165 2912 βασιλείας
1186 2838 1207 2918 3)
1226 2838 1394 2916 promiscue

256 2943 302 3003 uti
336 2942 429 3009 solet,
458 2959 586 3020 quarum
622 2940 697 2999 duas
726 2939 854 2998 subinde
884 2941 999 3020 colligit
1035 2941 1066 3000 in
1096 2961 1201 3002 unam:
1230 2944 1317 3022 regni
1343 2942 1396 3002 Dei

260 3044 437 3124 Christique,
459 3044 512 3104 ubi
534 3044 610 3104 illud
635 3041 796 3122 Christique
818 3043 956 3112 additur,
985 3053 1019 3104 ut
1041 3045 1242 3126 intelligetur,
1277 3045 1393 3106 »Deum

258 3147 357 3209 »Filio
387 3167 441 3209 suo
467 3166 596 3228 regnum
626 3146 800 3214 tradidisse,
829 3155 863 3206 ut
885 3165 939 3225 per
967 3145 1068 3226 Ipsum
1094 3166 1148 3208 nos
1181 3137 1393 3228 adipiscamur,

258 3261 351 3314 »cett
372 3253 423 3334 ³).'’
466 3251 596 3312 indicari
620 3260 722 3311 autem
745 3251 874 3310 formula
897 3251 947 3310 illa
971 3252 1127 3330 opinatur,
1150 3253 1314 3332 »quiequid
1335 3252 1394 3312 huc

258 3364 412 3434 aspectat,
445 3364 475 3414 et
508 3355 546 3414 ad
578 3353 659 3414 hunc
693 3351 784 3412 linem
814 3353 999 3422 destinatur,
1032 3363 1066 3413 ut
1094 3355 1175 3414 inter
1204 3374 1258 3416 nos
1286 3367 1394 3436 regnet

259 3457 362 3518 »lleus
381 3457 436 3540 ⁵),''
466 3457 508 3516 sic
530 3475 556 3516 v.
569 3476 607 3521 c..
635 3465 670 3514 ut
699 3455 756 3516 hoc
785 3458 923 3536 exemplo
949 3468 1030 3526 utar,
1052 3459 1083 3518 in
1105 3461 1259 3520 notissima
1282 3462 1393 3524 Christi

180 3622 183 3628 ,
257 3561 398 3644 parabola
421 3559 527 3622 verba:
561 3547 711 3638 »regnum
740 3558 899 3619 Coelorum
929 3560 1026 3621 simile
1056 3571 1102 3622 est
1131 3565 1299 3624 verriculo’'
1327 3587 1392 3646 per·

257 3674 356 3727 mutat
378 3683 461 3724 cum:
494 3663 673 3742 »Euangelii
699 3663 884 3742 praedicatio
907 3665 1003 3724 simile
1025 3675 1071 3724 est
1092 3668 1241 3728 verriculo
1259 3669 1316 3750 ⁶),''
1338 3671 1392 3730 ubi

257 3787 331 3849 ergo
353 3786 407 3848 per
428 3784 557 3845 regnum
579 3763 740 3826 Coelorum
768 3767 918 3846 euangelii
945 3768 1198 3847 praedicationem
1221 3772 1391 3852 intelligen-

256 3872 325 3932 dam
354 3889 420 3930 esse
448 3877 560 3928 censet.
603 3867 700 3928 Simili
730 3888 849 3948 queque
878 3871 1098 3950 significatione
1124 3872 1287 3936 dictionem
1309 3877 1391 3937 illam

297 4177 317 4239 ¹)
336 4175 372 4226 Cf.
391 4176 477 4224 Cenem.
493 4174 520 4224 iu
536 4174 625 4224 Marta.
643 4174 692 4225 III.
710 4175 739 4236 2,
756 4177 781 4224 et
798 4174 832 4225 ad
850 4176 904 4224 Gal.
921 4174 963 4223 IV.
983 4175 1022 4226 26.

233 4312 236 4318 ,
296 4261 316 4322 ²)
335 4257 372 4309 cf.
392 4257 474 4307 Comm.
493 4257 528 4306 ad
543 4258 610 4306 Iocin.
628 4257 721 4308 XVIII.
740 4257 779 4308 36.
800 4259 884 4308 Coram.
902 4259 937 4308 ad
952 4259 1001 4308 Col.
1017 4259 1038 4311 Ι.
1055 4259 1085 4308 13
1103 4263 1127 4310 et
1144 4261 1209 4310 ace
1229 4263 1285 4314 Iim.
1303 4261 1346 4314 IV.
1366 4265 1388 4316 1.

296 4341 317 4402 ³)
335 4341 396 4389 Iasi.
413 4338 463 4388 111.
481 4339 521 4390 20.
539 4339 579 4389 42.
680 4338 701 4402 ⁴)
721 4341 805 4393 Comm.
823 4341 857 4390 ad
872 4340 931 4404 Epa.
949 4340 977 4390 V.
996 4341 1019 4392 5.

294 4423 315 4487 ⁸)
335 4424 418 4475 Coram.
435 4422 462 4470 iu
479 4422 493 4471 1
513 4424 553 4472 Co.
571 4421 614 4472 IV.
633 4421 673 4473 20.

293 4507 314 4570 ⁶)
335 4505 418 4556 Oetam
434 4503 461 4554 ie
479 4503 568 4558 Maur.
585 4503 657 4554 XIII.
674 4501 706 4558 al
725 4503 819 4567 (Herm.
837 4505 898 4557 Ceri.
917 4505 974 4557 XII.
993 4507 1004 4567 §
1022 4506 1088 4569 111.)
