3240 5100
828 293 866 354 96

279 494 388 576 agendi
410 495 489 555 ratio
510 492 637 573 cogitari
659 509 782 572 prorsus
804 491 924 571 nequit,
946 501 977 552 et
999 491 1036 552 iis
1058 509 1195 571 quoque,
1217 509 1294 572 quae
1318 491 1375 552 hac
1395 492 1417 574 ς

279 600 487 680 exposuimus,
518 597 657 677 egregrie
691 595 888 656 confirmatur
910 597 1078 666 sententia,
1100 615 1189 675 quam
1211 612 1300 675 supra
1322 614 1418 656 enun-

279 702 435 769 tiavimus,
457 701 620 762 Ecclesiam
654 699 769 761 Calvini
802 701 912 762 scolam
933 700 1041 770 luisse,
1070 701 1102 760 in
1130 714 1188 778 qua
1212 699 1416 780 ludimagistri

278 805 317 866 ad
339 806 503 887 discipulos
525 823 595 866 suos
617 805 726 865 relatio
747 823 816 866 eum
836 803 977 866 fidelibus
999 803 1156 884 coniungit
1178 813 1320 884 pastores.

494 1013 516 1095 p
537 1014 564 1072 l.
607 1010 756 1073 Ecclesiae
776 1012 882 1073 cetctc‘o
903 1013 1024 1073 adrem
1041 1009 1197 1092 politicam.

319 1218 428 1280 Parum
457 1220 489 1279 in
519 1219 697 1281 Theocratia
726 1219 803 1280 bene
832 1219 954 1282 condita
982 1221 1094 1290 refert,
1120 1230 1224 1281 utrum
1249 1219 1416 1291 Ecclesiae,

278 1343 316 1384 an
349 1342 421 1385 vero
453 1325 644 1405 magistratui
677 1343 824 1385 summam
857 1325 1070 1385 auctoritatem
1105 1325 1239 1395 deleres,
1274 1327 1417 1405 quoniam

279 1427 367 1490 ambo
390 1427 427 1488 ab
450 1447 511 1489 una
534 1427 641 1490 llivina
663 1429 845 1488 auctoritate
867 1428 1016 1508 pendent,
1044 1437 1075 1488 et
1099 1429 1235 1488 unanimi
1257 1429 1417 1490 concordia

278 1533 309 1592 in
339 1530 393 1592 Dei
422 1533 567 1592 maiorem
596 1532 724 1612 gloriam
754 1531 894 1592 tendunt.
936 1529 986 1591 Sic
1014 1549 1134 1611 quoque
1160 1530 1300 1593 Calvinus
1321 1549 1417 1613 aequo

278 1635 380 1696 animo
402 1635 486 1704 tulit,
514 1635 705 1715 magistratui
728 1635 889 1704 maiorem,
918 1653 1007 1714 quam
1029 1653 1083 1715 par
1104 1644 1198 1704 esset,
1226 1635 1259 1695 in
1284 1634 1417 1696 Ecclesia

279 1739 339 1798 vim
361 1739 486 1800 concedi
509 1750 540 1798 et
562 1737 770 1807 efficientiam,
801 1739 965 1799 dummodo
987 1738 1068 1799 salva
1091 1750 1185 1800 staret
1207 1757 1275 1808 sua,
1298 1749 1363 1800 tum
1385 1740 1417 1802 in

277 1841 369 1901 rebus
399 1842 436 1902 ud
468 1841 646 1921 religionem
679 1841 920 1922 pertinentibus,
951 1851 1014 1901 tum
1043 1843 1074 1902 in
1104 1843 1249 1923 politicis,
1278 1861 1416 1923 suprema

277 1946 450 2006 auctoritas.
484 1943 561 2004 Hinc
580 1944 779 2024 intelligitur,
800 1946 852 2023 qui
874 1945 986 2005 lactum
1009 1945 1064 2014 sit,
1086 1956 1120 2005 ut
1140 1956 1185 2006 tot
1198 1955 1341 2024 tantaque
1354 1943 1417 2005 Cal·

278 2049 367 2110 vinus
396 2048 428 2108 in
454 2046 557 2106 libello
580 2044 734 2106 »Ordonn
755 2044 851 2105 Eccl.''
872 2046 1064 2126 magistratui
1083 2047 1249 2107 concedere
1267 2049 1417 2128 potuerit,
1488 2092 1490 2095 -

279 2151 317 2212 ad
339 2151 404 2210 eius
426 2149 560 2210 tribunal
583 2149 620 2210 de
643 2149 780 2210 doctrina
806 2149 932 2210 discidia
961 2149 1119 2220 detulerit,
1148 2151 1214 2211 eius
1243 2151 1416 2212 auctoritati

279 2271 384 2316 omnes
413 2253 563 2314 Ecclesiae
592 2254 748 2314 ministros
771 2253 980 2333 approbandos
1001 2271 1066 2315 esse
1089 2255 1258 2324 censuerit,
1283 2256 1312 2315 ei
1334 2254 1418 2315 deni·

280 2377 340 2437 que
372 2358 556 2418 concesserit
578 2356 625 2416 ius
646 2376 663 2417 e
685 2375 740 2417 suo
761 2357 863 2417 medio
885 2354 1026 2418 Seniores
1048 2367 1079 2417 ct
1101 2355 1249 2418 Diaconos
1270 2357 1420 2438 eligendi,

280 2471 311 2522 ct
327 2461 448 2522 desides
466 2462 620 2522 ministros
638 2481 655 2521 a
673 2480 800 2522 munere
819 2461 999 2541 deponendi.
1033 2460 1091 2522 Ubi
1109 2470 1213 2522 contra
1232 2459 1329 2521 officio
1352 2461 1421 2520 dee·
1480 2527 1483 2532 r

280 2575 327 2626 rat
350 2566 562 2645 magistratus,
585 2575 616 2626 et
638 2565 854 2626 dominationis
875 2565 1096 2643 incrementum
1116 2566 1232 2645 potius,
1254 2583 1344 2644 quam
1367 2563 1420 2624 Ec·

280 2668 539 2730 clesiaesalutem
560 2687 706 2747 quaerere
729 2667 904 2737 videbatur,
926 2687 1090 2747 numquam
1113 2669 1141 2727 ei
1159 2669 1249 2728 cessit
1267 2667 1420 2738 Calvinus,

282 2781 313 2832 et
335 2781 459 2832 strenue
489 2771 661 2851 perhibuit,
690 2757 751 2832 non
781 2789 847 2831 esse
869 2772 1060 2851 magistratui
1083 2769 1262 2840 Ecclesiam,
1291 2771 1345 2832 sed
1366 2769 1420 2832 Ec·

281 2874 390 2934 elesiae
419 2875 630 2954 magistratum
658 2874 895 2943 subiiciendum;
925 2875 1006 2954 quod
1035 2875 1066 2936 in
1096 2875 1179 2935 nulla
1201 2893 1289 2935 eausa
1311 2876 1420 2937 melius

281 2976 481 3057 conspicitur,
503 2993 592 3054 quam
609 2976 641 3036 in
660 2993 749 3035 causa
767 2973 975 3045 Berthelierii,
997 2977 1049 3055 qui
1068 2995 1084 3036 a
1102 2977 1280 3038 consistorio
1298 2986 1421 3037 notatus

282 3093 363 3152 erat,
387 3081 468 3160 quod
489 3079 608 3160 publice
630 3080 837 3140 declaraverat
859 3098 891 3139 se
913 3098 978 3139 esse
1011 3080 1113 3141 »aussi
1134 3080 1254 3141 homme
1273 3081 1311 3141 dc
1334 3081 1421 3148 bien,

284 3205 362 3266 »que
388 3183 519 3245 Calvin.”
558 3181 687 3243 Vocatus
715 3184 766 3242 ille
796 3183 1014 3263 poenitentiam
1036 3183 1173 3264 profiteri
1196 3186 1362 3253 recusavit,
1389 3193 1420 3243 et

284 3308 376 3371 quum
399 3297 523 3368 propter
544 3286 622 3347 hanc
644 3305 763 3346 causam
786 3306 801 3346 a
824 3284 853 3347 S.
872 3285 990 3347 Coenae
1011 3305 1069 3347 usu
1087 3298 1256 3358 arceretur,
1277 3307 1367 3368 aegre
1389 3287 1420 3348 id

283 3394 384 3454 ferens
413 3411 429 3451 a
457 3390 639 3470 magistratu
665 3391 789 3470 petivit,
822 3401 856 3451 ut
888 3410 941 3450 sua
971 3393 1151 3453 auctoritate
1179 3393 1294 3454 aditum
1324 3393 1363 3452 ad
1391 3389 1420 3451 S.

284 3495 415 3557 Coenam
444 3494 472 3553 ci
501 3493 711 3554 concederent.
755 3492 843 3564 Quod
871 3514 1002 3574 quuma
1029 3493 1160 3557 Consilio
1188 3498 1304 3556 minore
1333 3495 1420 3575 (petit

285 3599 415 3679 Conseil]
434 3599 664 3677 impetraverat,
680 3607 787 3678 sponte
806 3597 881 3659 haec
900 3598 1095 3660 oboriebatur
1112 3600 1420 3678 quaestio,liceretne

284 3701 476 3782 magistratui
505 3701 675 3761 consistorii
705 3702 827 3763 decreta
856 3703 1042 3773 rescindere,
1074 3723 1110 3764 an
1141 3722 1214 3764 vero
1239 3704 1420 3764 sententiam

285 3807 402 3868 diceret
424 3805 651 3874 consistorium,
673 3805 711 3865 de
734 3824 792 3885 qua
811 3807 985 3891 provocatio
1006 3817 1085 3867 esset
1103 3807 1194 3867 nulla.
1226 3804 1289 3868 Lex
1310 3809 1421 3888 scripta

285 3909 428 3992 (Ordonn.
451 3907 540 3990 Eccl.)
568 3907 691 3969 disertis
720 3909 821 3970 verbis
849 3911 887 3970 ad
919 3911 1129 3990 magistratum
1161 3913 1343 3990 provocandi
1375 3913 1422 3972 ius

285 4033 339 4076 reo
361 4022 551 4074 concesserat
571 4011 603 4091 ¹).
636 4011 777 4073 Calvinus
798 4025 917 4083 autem,
939 4034 1032 4093 quum
1054 4016 1085 4075 in
1104 4014 1162 4076 hoc
1180 4017 1318 4096 exemplo
1339 4016 1421 4096 peni·

279 4127 335 4182 cus
356 4115 573 4196 perspiciebat,
595 4117 694 4177 omnia
717 4136 828 4196 susque
847 4118 945 4196 deque
964 4119 1042 4178 verti
1060 4119 1092 4178 in
1111 4117 1260 4189 Ecclesia,
1281 4121 1339 4180 nisi
1361 4138 1421 4180 ma·

286 4221 431 4300 gistratus
453 4221 483 4279 in
506 4238 541 4279 ea
563 4237 596 4278 re
619 4221 781 4280 auctoritas
803 4221 1041 4290 diminueretur,
1069 4222 1226 4302 religionis
1247 4224 1355 4284 timore
1378 4224 1421 4283 in-

286 4323 474 4404 terponendo
504 4340 608 4382 omnes
636 4323 752 4402 lapides
780 4325 891 4394 movit,
920 4343 958 4386 ne
992 4335 1052 4386 tam
1081 4345 1173 4405 grave
1203 4325 1421 4388 detrimentum

327 4561 346 4626 ¹)
366 4574 488 4625 merrae,
506 4563 549 4613 Ec.
569 4561 744 4613 Kirclcccordc.
762 4561 783 4614 Ι.
800 4563 858 4615 atr.
