3228 5102
590 1393 965 1482 turnultus

251 2041 353 2105 Nostri
382 2043 494 2107 saeculi
522 2041 661 2104 homines
690 2039 727 2102 ab
749 2039 901 2102 Ecclesiae
923 2041 1134 2102 communione
1157 2044 1275 2122 proavis
1297 2063 1350 2106 no·

210 2148 281 2208 stris
312 2149 402 2226 longe
436 2146 603 2207 aversiores
636 2163 716 2214 esse,
750 2145 961 2224 unusquisque
990 2145 1077 2204 facile
1107 2145 1268 2216 concedet,
1298 2148 1350 2226 qui

210 2251 344 2330 paullum
377 2249 547 2310 accuratius
578 2248 674 2308 nostri
709 2249 853 2328 temporis
885 2247 1044 2308 historiam
1077 2247 1238 2310 observare
1267 2251 1351 2311 velit.

114 2364 116 2369 ’
209 2353 285 2414 Falli
315 2363 417 2413 tamen
446 2353 521 2414 mihi
547 2351 707 2421 videntur,
733 2352 785 2430 qui
806 2351 878 2410 hino
900 2349 1019 2430 Hegelii
1040 2353 1199 2430 systemati
1221 2353 1351 2432 philoso-

210 2457 298 2537 phico
327 2457 559 2517 fundamentum
587 2455 723 2516 substrui
752 2473 838 2534 posse
868 2455 998 2534 opinati,
1027 2473 1134 2516 revera
1162 2466 1263 2516 aetum
1285 2475 1351 2520 esse

210 2560 248 2620 do
277 2559 410 2620 Ecclesia
437 2559 608 2626 clamitant,
637 2567 669 2619 et
693 2559 795 2620 irritos
817 2577 882 2618 esse
905 2577 1010 2620 eorum
1031 2567 1158 2620 conatus
1180 2558 1351 2629 habendos,

210 2664 263 2742 qui
285 2664 463 2724 semirutum
485 2659 635 2722 Ecclesiae
658 2661 829 2722 aedificium
851 2671 1022 2722 restaurare
1044 2661 1186 2724 studeant
1199 2661 1231 2740 ¹).
1266 2661 1352 2724 Fecit

210 2767 268 2830 hoc
295 2767 377 2828 inte'r
405 2743 479 2826 alios
508 2763 632 2834 Rothc,
651 2765 719 2844 qui,
748 2765 884 2843 quamvis
913 2784 930 2824 a
959 2765 1087 2845 Hegelio
1108 2767 1199 2845 longe
1224 2765 1352 2827 diversis

210 2871 365 2951 principiis
394 2869 576 2930 sententiam
604 2887 689 2930 suam
718 2878 948 2948 superstruens,
968 2870 1001 2930 in
1026 2869 1083 2930 hoc
1106 2879 1207 2930 tomen
1229 2871 1352 2950 egregie

211 2995 279 3036 cum
308 2993 345 3034 eo
373 2975 541 3053 conspirat,
571 2973 651 3051 quod
680 2970 844 3034 Ecclesiam
873 2973 945 3033 olim
973 2973 1166 3034 interituram
1196 2991 1261 3036 esse
1283 2993 1353 3036 cen·

211 3088 291 3148 seat,
313 3079 495 3156 simulatque
517 3077 686 3156 respublica
708 3076 872 3156 perfectam
893 3076 939 3136 sui
961 3077 1117 3138 notionem
1139 3087 1275 3137 assecuta
1296 3078 1352 3147 sit,

210 3191 242 3242 et
263 3181 353 3243 simul
373 3180 465 3242 huius
486 3180 693 3240 dissolutionis
711 3179 824 3239 indicia
843 3197 903 3239 non
923 3189 1042 3240 tantum
1060 3179 1092 3240 in
1109 3198 1147 3240 eo
1166 3179 1352 3243 observanda

211 3304 275 3347 esse
304 3284 486 3352 arbitratur,
515 3284 596 3362 quod
625 3291 730 3342 nostro
758 3283 879 3348 dentum
902 3293 1038 3364 tempore
1060 3285 1231 3346 communio
1252 3284 1353 3347 Eccle-

211 3389 330 3449 siastica
359 3397 421 3448 tam
449 3388 557 3466 ingens
586 3387 701 3466 ceperit
729 3386 887 3455 damnum,
910 3385 963 3448 sed
986 3405 1058 3448 sero
1080 3388 1139 3448 iam
1162 3407 1179 3448 a
1200 3387 1352 3450 Reforma-

213 3490 304 3552 tionis
333 3491 404 3552 inde
435 3499 570 3570 tempore
599 3488 750 3552 Ecclesiae
776 3491 932 3552 notionem
955 3491 987 3554 in
1008 3500 1157 3552 suammet
1179 3492 1271 3572 ipsius
1293 3494 1352 3554 dis·

212 3594 395 3654 solutionem
424 3593 552 3654 versissc
582 3593 734 3654 existimat
746 3593 776 3674 ¹).
819 3593 968 3662 Ecclesia,
990 3594 1087 3672 qualis
1108 3593 1199 3655 hodie
1220 3597 1313 3657 etiam
1335 3617 1353 3658 a

212 3698 364 3778 plerisque
394 3696 594 3775 intelligitur,
623 3694 753 3756 firmiter
774 3698 872 3757 veteri
894 3697 1042 3758 dualismo
1063 3715 1112 3757 res
1135 3697 1252 3759 divinas
1272 3700 1354 3760 inter
1461 3777 1463 3780 Ι

213 3811 303 3881 atque
333 3801 480 3861 humanas
509 3800 643 3869 innitur,
673 3809 704 3860 et
734 3800 987 3878 quemadmodum
1015 3801 1047 3860 in
1076 3802 1185 3864 ceteris
1214 3803 1354 3863 omnihus

212 3915 295 3966 aetas
316 3885 419 3965 nostra
449 3905 630 3964 dualismum
649 3903 735 3963 illum
757 3903 789 3963 in
811 3903 875 3964 dies
896 3904 991 3988 magis
1010 3921 1151 3984 superare
1171 3905 1289 3974 studet,
1311 3908 1354 3967 sic

213 4028 333 4090 quoque
352 4007 504 4070 Ecclesiae
523 4005 640 4068 notioni
660 4007 790 4088 maligne
808 4007 943 4070 invideat
961 4027 1083 4072 necesse
1096 4017 1157 4079 est,
1169 4027 1245 4088 quae
1257 4010 1288 4070 in
1300 4028 1354 4072 sua

213 4113 250 4174 ad
285 4133 334 4174 res
362 4112 530 4174 mundanas
552 4111 700 4174 relatione
722 4111 886 4182 tenaciter,
908 4111 933 4174 si
954 4112 1028 4194 quid
1049 4111 1145 4184 aliud,
1166 4122 1288 4176 vetusto
1308 4132 1355 4174 er·

241 4377 261 4442 1)
282 4375 318 4430 cl.
336 4392 357 4428 e.
375 4390 399 4440 g.
416 4387 536 4438 maauss,
554 4375 593 4428 die
613 4378 667 4434 Otr.
691 4377 878 4430 Glandenalclrc
897 4375 941 4442 11,
959 4376 1007 4432 620
1026 4391 1075 4442 sqq.

242 4460 262 4522 2)
280 4459 317 4510 Os.
334 4471 433 4519 noane,
451 4458 608 4528 ticolopiaclm
629 4461 719 4522 ertu,
741 4461 796 4525 III,
815 4461 880 4512 1010
902 4477 938 4528 sq.
955 4463 981 4510 et
998 4471 1127 4521 mensae,
1145 4474 1189 4512 eor
1211 4457 1294 4512 cecat.
1311 4458 1356 4510 der

214 4545 327 4593 neceaten
347 4540 481 4606 metopio,
499 4541 534 4592 20.
552 4543 607 4592 autl.
628 4544 651 4596 S.
670 4543 727 4595 284.
1058 4538 1065 4552 ⁸
