<?xml version="1.0" encoding="UTF-8"?>
<!DOCTYPE html PUBLIC "-//W3C//DTD XHTML 1.0 Transitional//EN"
    "http://www.w3.org/TR/xhtml1/DTD/xhtml1-transitional.dtd">
<html xmlns="http://www.w3.org/1999/xhtml" xml:lang="en" lang="en">
 <head>
  <title>
</title>
<meta http-equiv="Content-Type" content="text/html;charset=utf-8" />
  <meta name='ocr-system' content='tesseract 3.04.00' />
  <meta name='ocr-capabilities' content='ocr_page ocr_carea ocr_par ocr_line ocrx_word'/>
</head>
<body>
  <div class='ocr_page' id='page_1' title='image "./disquisitiohist00kuypgoog_0035.png"; bbox 0 0 3228 5102; ppageno 0'>
   <div class='ocr_carea' id='block_1_1' title="bbox 747 296 785 369">
    <p class='ocr_par' dir='ltr' id='par_1_1' title="bbox 747 296 785 369">
     <span class='ocr_line' id='line_1_1' title="bbox 747 296 785 369; baseline 0.026 -1"><span class='ocrx_word' id='word_1_1' title='bbox 747 296 785 369; x_wconf 82' lang='lat' dir='ltr'><strong>li</strong></span> 
     </span>
    </p>
   </div>
   <div class='ocr_carea' id='block_1_2' title="bbox 202 499 1420 4624">
    <p class='ocr_par' dir='ltr' id='par_1_2' title="bbox 202 499 1420 4624">
     <span class='ocr_line' id='line_1_2' title="bbox 205 499 1338 584; baseline -0.011 -11"><span class='ocrx_word' id='word_1_2' title='bbox 205 513 268 573; x_wconf 91' lang='lat' dir='ltr'><strong>sius</strong></span> <span class='ocrx_word' id='word_1_3' title='bbox 293 511 347 573; x_wconf 77' lang='lat' dir='ltr'><strong>ilci</strong></span> <span class='ocrx_word' id='word_1_4' title='bbox 369 511 407 573; x_wconf 88' lang='lat' dir='ltr'><strong>sit</strong></span> <span class='ocrx_word' id='word_1_5' title='bbox 429 503 602 571; x_wconf 88' lang='lat' dir='ltr'><strong>benedictio</strong></span> <span class='ocrx_word' id='word_1_6' title='bbox 624 511 775 570; x_wconf 88' lang='lat' dir='ltr'><strong>collocata.</strong></span> <span class='ocrx_word' id='word_1_7' title='bbox 819 505 863 568; x_wconf 87' lang='lat' dir='ltr'><strong>Ne</strong></span> <span class='ocrx_word' id='word_1_8' title='bbox 885 507 933 568; x_wconf 93' lang='lat' dir='ltr'><strong>vel</strong></span> <span class='ocrx_word' id='word_1_9' title='bbox 955 515 1016 566; x_wconf 87' lang='lat' dir='ltr'><strong>tam</strong></span> <span class='ocrx_word' id='word_1_10' title='bbox 1038 503 1179 584; x_wconf 81' lang='lat' dir='ltr'><strong>exiguam</strong></span> <span class='ocrx_word' id='word_1_11' title='bbox 1199 499 1338 562; x_wconf 81' lang='lat' dir='ltr'><strong>haeredi·</strong></span> 
     </span>
     <span class='ocr_line' id='line_1_3' title="bbox 202 607 1338 692; baseline -0.011 -16"><span class='ocrx_word' id='word_1_12' title='bbox 202 625 299 676; x_wconf 79' lang='lat' dir='ltr'><strong>tatem</strong></span> <span class='ocrx_word' id='word_1_13' title='bbox 318 617 462 675; x_wconf 73' lang='lat' dir='ltr'>intactam</span> <span class='ocrx_word' id='word_1_14' title='bbox 487 614 612 692; x_wconf 87' lang='lat' dir='ltr'><strong>reliquit</strong></span> <span class='ocrx_word' id='word_1_15' title='bbox 631 612 852 679; x_wconf 75' lang='lat' dir='ltr'><strong>Antichristus,</strong></span> <span class='ocrx_word' id='word_1_16' title='bbox 880 619 911 670; x_wconf 90' lang='lat' dir='ltr'><strong>et</strong></span> <span class='ocrx_word' id='word_1_17' title='bbox 937 607 1098 669; x_wconf 84' lang='lat' dir='ltr'><strong>Abrahami</strong></span> <span class='ocrx_word' id='word_1_18' title='bbox 1123 625 1246 686; x_wconf 91' lang='lat' dir='ltr'><strong>quoque</strong></span> <span class='ocrx_word' id='word_1_19' title='bbox 1271 621 1338 685; x_wconf 83' lang='lat' dir='ltr'><strong>pro·</strong></span> 
     </span>
     <span class='ocr_line' id='line_1_4' title="bbox 202 709 1339 797; baseline -0.011 -17"><span class='ocrx_word' id='word_1_20' title='bbox 202 721 249 780; x_wconf 91' lang='lat' dir='ltr'><strong>les</strong></span> <span class='ocrx_word' id='word_1_21' title='bbox 274 721 306 779; x_wconf 93' lang='lat' dir='ltr'><strong>in</strong></span> <span class='ocrx_word' id='word_1_22' title='bbox 334 719 400 780; x_wconf 90' lang='lat' dir='ltr'><strong>dies</strong></span> <span class='ocrx_word' id='word_1_23' title='bbox 425 719 520 797; x_wconf 82' lang='lat' dir='ltr'><strong>magis</strong></span> <span class='ocrx_word' id='word_1_24' title='bbox 549 717 712 796; x_wconf 89' lang='lat' dir='ltr'><strong>depravata</strong></span> <span class='ocrx_word' id='word_1_25' title='bbox 741 715 875 795; x_wconf 81' lang='lat' dir='ltr'><strong>ignobile</strong></span> <span class='ocrx_word' id='word_1_26' title='bbox 908 713 1014 774; x_wconf 86' lang='lat' dir='ltr'><strong>debuit</strong></span> <span class='ocrx_word' id='word_1_27' title='bbox 1046 711 1202 771; x_wconf 87' lang='lat' dir='ltr'><strong>servitutis</strong></span> <span class='ocrx_word' id='word_1_28' title='bbox 1233 709 1339 788; x_wconf 87' lang='lat' dir='ltr'><strong>iugum</strong></span> 
     </span>
     <span class='ocr_line' id='line_1_5' title="bbox 203 813 1339 902; baseline -0.011 -18"><span class='ocrx_word' id='word_1_29' title='bbox 203 824 308 884; x_wconf 90' lang='lat' dir='ltr'><strong>subire</strong></span> <span class='ocrx_word' id='word_1_30' title='bbox 337 825 368 882; x_wconf 93' lang='lat' dir='ltr'><strong>in</strong></span> <span class='ocrx_word' id='word_1_31' title='bbox 398 822 553 902; x_wconf 86' lang='lat' dir='ltr'><strong>Aegypto,</strong></span> <span class='ocrx_word' id='word_1_32' title='bbox 586 831 621 880; x_wconf 94' lang='lat' dir='ltr'><strong>ut</strong></span> <span class='ocrx_word' id='word_1_33' title='bbox 643 820 765 880; x_wconf 91' lang='lat' dir='ltr'><strong>tandem</strong></span> <span class='ocrx_word' id='word_1_34' title='bbox 788 817 938 878; x_wconf 77' lang='lat' dir='ltr'><strong>Ecclesiae</strong></span> <span class='ocrx_word' id='word_1_35' title='bbox 961 816 1121 894; x_wconf 82' lang='lat' dir='ltr'><strong>integritas</strong></span> <span class='ocrx_word' id='word_1_36' title='bbox 1142 823 1237 873; x_wconf 89' lang='lat' dir='ltr'><strong>staret</strong></span> <span class='ocrx_word' id='word_1_37' title='bbox 1258 813 1339 872; x_wconf 75' lang='lat' dir='ltr'><strong>inco·</strong></span> 
     </span>
     <span class='ocr_line' id='line_1_6' title="bbox 206 919 1340 1003; baseline -0.011 -16"><span class='ocrx_word' id='word_1_38' title='bbox 206 929 311 987; x_wconf 89' lang='lat' dir='ltr'><strong>lumes.</strong></span> <span class='ocrx_word' id='word_1_39' title='bbox 354 925 483 985; x_wconf 90' lang='lat' dir='ltr'><strong>Strenue</strong></span> <span class='ocrx_word' id='word_1_40' title='bbox 510 934 611 984; x_wconf 90' lang='lat' dir='ltr'><strong>autern</strong></span> <span class='ocrx_word' id='word_1_41' title='bbox 633 941 765 1003; x_wconf 87' lang='lat' dir='ltr'><strong>pugnarn</strong></span> <span class='ocrx_word' id='word_1_42' title='bbox 788 921 932 985; x_wconf 73' lang='lat' dir='ltr'><strong>sustinuit</strong></span> <span class='ocrx_word' id='word_1_43' title='bbox 953 919 1106 988; x_wconf 86' lang='lat' dir='ltr'><strong>diabolus,</strong></span> <span class='ocrx_word' id='word_1_44' title='bbox 1128 927 1159 977; x_wconf 91' lang='lat' dir='ltr'><strong>et</strong></span> <span class='ocrx_word' id='word_1_45' title='bbox 1180 925 1340 996; x_wconf 88' lang='lat' dir='ltr'><strong>postquam</strong></span> 
     </span>
     <span class='ocr_line' id='line_1_7' title="bbox 203 1023 1346 1100; baseline -0.012 -9"><span class='ocrx_word' id='word_1_46' title='bbox 203 1033 238 1092; x_wconf 87' lang='lat' dir='ltr'><strong>in</strong></span> <span class='ocrx_word' id='word_1_47' title='bbox 260 1030 482 1090; x_wconf 87' lang='lat' dir='ltr'><strong>haereditatem</strong></span> <span class='ocrx_word' id='word_1_48' title='bbox 505 1047 588 1088; x_wconf 89' lang='lat' dir='ltr'><strong>suam</strong></span> <span class='ocrx_word' id='word_1_49' title='bbox 611 1028 766 1087; x_wconf 85' lang='lat' dir='ltr'><strong>redierant</strong></span> <span class='ocrx_word' id='word_1_50' title='bbox 788 1025 957 1093; x_wconf 71' lang='lat' dir='ltr'><strong>israelitae,</strong></span> <span class='ocrx_word' id='word_1_51' title='bbox 984 1023 1067 1082; x_wconf 89' lang='lat' dir='ltr'><strong>nulla</strong></span> <span class='ocrx_word' id='word_1_52' title='bbox 1089 1031 1190 1081; x_wconf 87' lang='lat' dir='ltr'><strong>tamen</strong></span> <span class='ocrx_word' id='word_1_53' title='bbox 1212 1037 1266 1100; x_wconf 94' lang='lat' dir='ltr'><strong>per</strong></span> <span class='ocrx_word' id='word_1_54' title='bbox 1286 1033 1346 1082; x_wconf 67' lang='lat' dir='ltr'><strong>sex,</strong></span> 
     </span>
     <span class='ocr_line' id='line_1_8' title="bbox 207 1123 1340 1202; baseline -0.011 -8"><span class='ocrx_word' id='word_1_55' title='bbox 207 1135 350 1194; x_wconf 89' lang='lat' dir='ltr'><strong>continua</strong></span> <span class='ocrx_word' id='word_1_56' title='bbox 380 1133 497 1193; x_wconf 90' lang='lat' dir='ltr'><strong>saecula</strong></span> <span class='ocrx_word' id='word_1_57' title='bbox 526 1131 676 1191; x_wconf 82' lang='lat' dir='ltr'><strong>Ecclesiae</strong></span> <span class='ocrx_word' id='word_1_58' title='bbox 707 1130 856 1202; x_wconf 84' lang='lat' dir='ltr'><strong>stabilitas</strong></span> <span class='ocrx_word' id='word_1_59' title='bbox 884 1129 950 1188; x_wconf 86' lang='lat' dir='ltr'><strong>luit.</strong></span> <span class='ocrx_word' id='word_1_60' title='bbox 999 1125 1062 1186; x_wconf 91' lang='lat' dir='ltr'><strong>Sub</strong></span> <span class='ocrx_word' id='word_1_61' title='bbox 1083 1123 1196 1184; x_wconf 88' lang='lat' dir='ltr'><strong>Davide</strong></span> <span class='ocrx_word' id='word_1_62' title='bbox 1218 1123 1340 1182; x_wconf 86' lang='lat' dir='ltr'><strong>demum</strong></span> 
     </span>
     <span class='ocr_line' id='line_1_9' title="bbox 208 1227 1340 1308; baseline -0.011 -10"><span class='ocrx_word' id='word_1_63' title='bbox 208 1249 239 1298; x_wconf 92' lang='lat' dir='ltr'><strong>et</strong></span> <span class='ocrx_word' id='word_1_64' title='bbox 271 1236 430 1297; x_wconf 90' lang='lat' dir='ltr'><strong>Salomone</strong></span> <span class='ocrx_word' id='word_1_65' title='bbox 463 1236 501 1296; x_wconf 94' lang='lat' dir='ltr'><strong>ad</strong></span> <span class='ocrx_word' id='word_1_66' title='bbox 532 1236 698 1295; x_wconf 79' lang='lat' dir='ltr'><strong>feliciorem</strong></span> <span class='ocrx_word' id='word_1_67' title='bbox 726 1234 932 1294; x_wconf 89' lang='lat' dir='ltr'><strong>conditionem</strong></span> <span class='ocrx_word' id='word_1_68' title='bbox 961 1229 1122 1291; x_wconf 89' lang='lat' dir='ltr'><strong>videbatur</strong></span> <span class='ocrx_word' id='word_1_69' title='bbox 1151 1227 1340 1308; x_wconf 89' lang='lat' dir='ltr'><strong>pervenisse,</strong></span> 
     </span>
     <span class='ocr_line' id='line_1_10' title="bbox 207 1331 1353 1416; baseline -0.007 -16"><span class='ocrx_word' id='word_1_70' title='bbox 207 1342 260 1401; x_wconf 90' lang='lat' dir='ltr'><strong>sed</strong></span> <span class='ocrx_word' id='word_1_71' title='bbox 279 1341 389 1400; x_wconf 90' lang='lat' dir='ltr'><strong>acriter</strong></span> <span class='ocrx_word' id='word_1_72' title='bbox 407 1339 551 1398; x_wconf 81' lang='lat' dir='ltr'><strong>renititur</strong></span> <span class='ocrx_word' id='word_1_73' title='bbox 570 1336 711 1406; x_wconf 89' lang='lat' dir='ltr'><strong>Satanas,</strong></span> <span class='ocrx_word' id='word_1_74' title='bbox 729 1347 760 1396; x_wconf 91' lang='lat' dir='ltr'><strong>et</strong></span> <span class='ocrx_word' id='word_1_75' title='bbox 779 1337 856 1397; x_wconf 89' lang='lat' dir='ltr'><strong>Eccl.</strong></span> <span class='ocrx_word' id='word_1_76' title='bbox 874 1337 904 1396; x_wconf 91' lang='lat' dir='ltr'><strong>in</strong></span> <span class='ocrx_word' id='word_1_77' title='bbox 923 1337 988 1416; x_wconf 92' lang='lat' dir='ltr'><strong>ipso</strong></span> <span class='ocrx_word' id='word_1_78' title='bbox 1000 1333 1197 1394; x_wconf 89' lang='lat' dir='ltr'><strong>beatitudinis</strong></span> <span class='ocrx_word' id='word_1_79' title='bbox 1209 1331 1353 1392; x_wconf 62' lang='lat' dir='ltr'><strong>culmine,</strong></span> 
     </span>
     <span class='ocr_line' id='line_1_11' title="bbox 207 1429 1341 1519; baseline -0.011 -14"><span class='ocrx_word' id='word_1_80' title='bbox 207 1445 316 1504; x_wconf 86' lang='lat' dir='ltr'><strong>misere</strong></span> <span class='ocrx_word' id='word_1_81' title='bbox 334 1442 488 1502; x_wconf 89' lang='lat' dir='ltr'><strong>scinditur</strong></span> <span class='ocrx_word' id='word_1_82' title='bbox 506 1451 537 1500; x_wconf 89' lang='lat' dir='ltr'><strong>et</strong></span> <span class='ocrx_word' id='word_1_83' title='bbox 553 1441 713 1509; x_wconf 90' lang='lat' dir='ltr'><strong>dilabitur,</strong></span> <span class='ocrx_word' id='word_1_84' title='bbox 733 1461 748 1500; x_wconf 90' lang='lat' dir='ltr'><strong>a</strong></span> <span class='ocrx_word' id='word_1_85' title='bbox 771 1459 831 1519; x_wconf 91' lang='lat' dir='ltr'><strong>quo</strong></span> <span class='ocrx_word' id='word_1_86' title='bbox 849 1440 920 1500; x_wconf 91' lang='lat' dir='ltr'><strong>inde</strong></span> <span class='ocrx_word' id='word_1_87' title='bbox 940 1449 1090 1518; x_wconf 89' lang='lat' dir='ltr'><strong>tempore,</strong></span> <span class='ocrx_word' id='word_1_88' title='bbox 1112 1445 1172 1496; x_wconf 92' lang='lat' dir='ltr'><strong>tam</strong></span> <span class='ocrx_word' id='word_1_89' title='bbox 1184 1429 1341 1494; x_wconf 85' lang='lat' dir='ltr'><strong>lorisbelli</strong></span> 
     </span>
     <span class='ocr_line' id='line_1_12' title="bbox 207 1539 1341 1624; baseline -0.009 -16"><span class='ocrx_word' id='word_1_90' title='bbox 207 1547 396 1614; x_wconf 88' lang='lat' dir='ltr'><strong>rumoribus,</strong></span> <span class='ocrx_word' id='word_1_91' title='bbox 419 1564 509 1624; x_wconf 89' lang='lat' dir='ltr'><strong>quam</strong></span> <span class='ocrx_word' id='word_1_92' title='bbox 534 1545 615 1604; x_wconf 88' lang='lat' dir='ltr'><strong>domi</strong></span> <span class='ocrx_word' id='word_1_93' title='bbox 635 1544 784 1604; x_wconf 87' lang='lat' dir='ltr'><strong>discordia</strong></span> <span class='ocrx_word' id='word_1_94' title='bbox 804 1553 835 1603; x_wconf 92' lang='lat' dir='ltr'><strong>et</strong></span> <span class='ocrx_word' id='word_1_95' title='bbox 856 1542 1034 1606; x_wconf 87' lang='lat' dir='ltr'><strong>omnimodis</strong></span> <span class='ocrx_word' id='word_1_96' title='bbox 1053 1539 1274 1600; x_wconf 67' lang='lat' dir='ltr'><strong>calamitatibus</strong></span> <span class='ocrx_word' id='word_1_97' title='bbox 1291 1557 1341 1617; x_wconf 93' lang='lat' dir='ltr'><strong>op·</strong></span> 
     </span>
     <span class='ocr_line' id='line_1_13' title="bbox 209 1643 1341 1731; baseline -0.007 -21"><span class='ocrx_word' id='word_1_98' title='bbox 209 1669 325 1731; x_wconf 89' lang='lat' dir='ltr'><strong>pressa,</strong></span> <span class='ocrx_word' id='word_1_99' title='bbox 354 1648 484 1708; x_wconf 83' lang='lat' dir='ltr'><strong>nefanda</strong></span> <span class='ocrx_word' id='word_1_100' title='bbox 514 1667 567 1707; x_wconf 86' lang='lat' dir='ltr'><strong>sua</strong></span> <span class='ocrx_word' id='word_1_101' title='bbox 599 1647 815 1726; x_wconf 87' lang='lat' dir='ltr'><strong>depravatione</strong></span> <span class='ocrx_word' id='word_1_102' title='bbox 845 1647 945 1706; x_wconf 90' lang='lat' dir='ltr'><strong>denuo</strong></span> <span class='ocrx_word' id='word_1_103' title='bbox 967 1647 998 1705; x_wconf 93' lang='lat' dir='ltr'><strong>in</strong></span> <span class='ocrx_word' id='word_1_104' title='bbox 1021 1663 1052 1704; x_wconf 91' lang='lat' dir='ltr'><strong>se</strong></span> <span class='ocrx_word' id='word_1_105' title='bbox 1075 1645 1207 1704; x_wconf 88' lang='lat' dir='ltr'><strong>divinam</strong></span> <span class='ocrx_word' id='word_1_106' title='bbox 1229 1643 1341 1703; x_wconf 93' lang='lat' dir='ltr'><strong>vindic·</strong></span> 
     </span>
     <span class='ocr_line' id='line_1_14' title="bbox 209 1745 1342 1830; baseline -0.008 -16"><span class='ocrx_word' id='word_1_107' title='bbox 209 1764 269 1814; x_wconf 91' lang='lat' dir='ltr'><strong>tam</strong></span> <span class='ocrx_word' id='word_1_108' title='bbox 290 1751 449 1820; x_wconf 85' lang='lat' dir='ltr'><strong>excitavit,</strong></span> <span class='ocrx_word' id='word_1_109' title='bbox 472 1761 503 1810; x_wconf 91' lang='lat' dir='ltr'><strong>et</strong></span> <span class='ocrx_word' id='word_1_110' title='bbox 521 1751 615 1810; x_wconf 92' lang='lat' dir='ltr'><strong>subiit</strong></span> <span class='ocrx_word' id='word_1_111' title='bbox 634 1769 738 1830; x_wconf 85' lang='lat' dir='ltr'><strong>parum</strong></span> <span class='ocrx_word' id='word_1_112' title='bbox 758 1750 796 1809; x_wconf 90' lang='lat' dir='ltr'><strong>ab</strong></span> <span class='ocrx_word' id='word_1_113' title='bbox 815 1749 942 1810; x_wconf 91' lang='lat' dir='ltr'><strong>interitu</strong></span> <span class='ocrx_word' id='word_1_114' title='bbox 959 1749 1075 1808; x_wconf 91' lang='lat' dir='ltr'><strong>distans</strong></span> <span class='ocrx_word' id='word_1_115' title='bbox 1093 1748 1125 1806; x_wconf 94' lang='lat' dir='ltr'><strong>iu</strong></span> <span class='ocrx_word' id='word_1_116' title='bbox 1143 1745 1342 1826; x_wconf 89' lang='lat' dir='ltr'><strong>Babylonium</strong></span> 
     </span>
     <span class='ocr_line' id='line_1_15' title="bbox 210 1851 1343 1933; baseline -0.005 -17"><span class='ocrx_word' id='word_1_117' title='bbox 210 1857 357 1916; x_wconf 83' lang='lat' dir='ltr'><strong>exsilium.</strong></span> <span class='ocrx_word' id='word_1_118' title='bbox 400 1853 444 1913; x_wconf 86' lang='lat' dir='ltr'><strong>Ex</strong></span> <span class='ocrx_word' id='word_1_119' title='bbox 465 1855 523 1914; x_wconf 89' lang='lat' dir='ltr'><strong>hoc</strong></span> <span class='ocrx_word' id='word_1_120' title='bbox 546 1873 666 1933; x_wconf 92' lang='lat' dir='ltr'><strong>quoque</strong></span> <span class='ocrx_word' id='word_1_121' title='bbox 689 1853 813 1913; x_wconf 88' lang='lat' dir='ltr'><strong>servitio</strong></span> <span class='ocrx_word' id='word_1_122' title='bbox 833 1853 950 1932; x_wconf 80' lang='lat' dir='ltr'><strong>ingenti</strong></span> <span class='ocrx_word' id='word_1_123' title='bbox 969 1851 1022 1911; x_wconf 87' lang='lat' dir='ltr'><strong>Dei</strong></span> <span class='ocrx_word' id='word_1_124' title='bbox 1042 1851 1189 1911; x_wconf 87' lang='lat' dir='ltr'><strong>beneficio</strong></span> <span class='ocrx_word' id='word_1_125' title='bbox 1206 1851 1237 1910; x_wconf 92' lang='lat' dir='ltr'><strong>in</strong></span> <span class='ocrx_word' id='word_1_126' title='bbox 1252 1851 1343 1911; x_wconf 91' lang='lat' dir='ltr'><strong>liber·</strong></span> 
     </span>
     <span class='ocr_line' id='line_1_16' title="bbox 210 1954 1343 2035; baseline -0.006 -15"><span class='ocrx_word' id='word_1_127' title='bbox 210 1969 303 2020; x_wconf 91' lang='lat' dir='ltr'><strong>tatem</strong></span> <span class='ocrx_word' id='word_1_128' title='bbox 326 1958 485 2026; x_wconf 90' lang='lat' dir='ltr'><strong>restituta,</strong></span> <span class='ocrx_word' id='word_1_129' title='bbox 508 1977 546 2017; x_wconf 89' lang='lat' dir='ltr'><strong>ne</strong></span> <span class='ocrx_word' id='word_1_130' title='bbox 569 1959 616 2018; x_wconf 95' lang='lat' dir='ltr'><strong>vel</strong></span> <span class='ocrx_word' id='word_1_131' title='bbox 639 1959 680 2016; x_wconf 91' lang='lat' dir='ltr'><strong>sic</strong></span> <span class='ocrx_word' id='word_1_132' title='bbox 702 1967 803 2016; x_wconf 87' lang='lat' dir='ltr'><strong>tamen</strong></span> <span class='ocrx_word' id='word_1_133' title='bbox 825 1955 863 2016; x_wconf 91' lang='lat' dir='ltr'><strong>ab</strong></span> <span class='ocrx_word' id='word_1_134' title='bbox 885 1956 1078 2016; x_wconf 89' lang='lat' dir='ltr'><strong>atrocissimis</strong></span> <span class='ocrx_word' id='word_1_135' title='bbox 1091 1954 1220 2035; x_wconf 86' lang='lat' dir='ltr'><strong>flagitiis</strong></span> <span class='ocrx_word' id='word_1_136' title='bbox 1232 1972 1263 2014; x_wconf 92' lang='lat' dir='ltr'><strong>se</strong></span> <span class='ocrx_word' id='word_1_137' title='bbox 1275 1972 1343 2014; x_wconf 91' lang='lat' dir='ltr'><strong>cou-</strong></span> 
     </span>
     <span class='ocr_line' id='line_1_17' title="bbox 210 2056 1344 2144; baseline -0.004 -22"><span class='ocrx_word' id='word_1_138' title='bbox 210 2063 318 2130; x_wconf 88' lang='lat' dir='ltr'><strong>tinnit,</strong></span> <span class='ocrx_word' id='word_1_139' title='bbox 347 2061 444 2120; x_wconf 92' lang='lat' dir='ltr'><strong>donec</strong></span> <span class='ocrx_word' id='word_1_140' title='bbox 467 2061 589 2144; x_wconf 90' lang='lat' dir='ltr'><strong>tandem</strong></span> <span class='ocrx_word' id='word_1_141' title='bbox 611 2061 722 2120; x_wconf 85' lang='lat' dir='ltr'><strong>Filium</strong></span> <span class='ocrx_word' id='word_1_142' title='bbox 744 2079 832 2120; x_wconf 91' lang='lat' dir='ltr'><strong>suum</strong></span> <span class='ocrx_word' id='word_1_143' title='bbox 853 2061 884 2118; x_wconf 93' lang='lat' dir='ltr'><strong>in</strong></span> <span class='ocrx_word' id='word_1_144' title='bbox 907 2070 1004 2118; x_wconf 90' lang='lat' dir='ltr'><strong>terras</strong></span> <span class='ocrx_word' id='word_1_145' title='bbox 1025 2060 1108 2118; x_wconf 90' lang='lat' dir='ltr'><strong>misit</strong></span> <span class='ocrx_word' id='word_1_146' title='bbox 1131 2057 1217 2118; x_wconf 88' lang='lat' dir='ltr'><strong>Deus.</strong></span> <span class='ocrx_word' id='word_1_147' title='bbox 1261 2056 1344 2117; x_wconf 87' lang='lat' dir='ltr'><strong>Tunc</strong></span> 
     </span>
     <span class='ocr_line' id='line_1_18' title="bbox 211 2159 1344 2242; baseline -0.004 -17"><span class='ocrx_word' id='word_1_148' title='bbox 211 2167 353 2226; x_wconf 87' lang='lat' dir='ltr'><strong>innovata</strong></span> <span class='ocrx_word' id='word_1_149' title='bbox 367 2163 591 2242; x_wconf 90' lang='lat' dir='ltr'><strong>quodammodo</strong></span> <span class='ocrx_word' id='word_1_150' title='bbox 607 2175 697 2241; x_wconf 90' lang='lat' dir='ltr'><strong>atque</strong></span> <span class='ocrx_word' id='word_1_151' title='bbox 712 2171 828 2222; x_wconf 87' lang='lat' dir='ltr'><strong>mutata</strong></span> <span class='ocrx_word' id='word_1_152' title='bbox 845 2159 995 2220; x_wconf 84' lang='lat' dir='ltr'><strong>Ecclesiae</strong></span> <span class='ocrx_word' id='word_1_153' title='bbox 1012 2161 1161 2228; x_wconf 89' lang='lat' dir='ltr'><strong>conditio,</strong></span> <span class='ocrx_word' id='word_1_154' title='bbox 1181 2170 1212 2220; x_wconf 90' lang='lat' dir='ltr'><strong>et</strong></span> <span class='ocrx_word' id='word_1_155' title='bbox 1223 2161 1344 2221; x_wconf 86' lang='lat' dir='ltr'><strong>reiectis</strong></span> 
     </span>
     <span class='ocr_line' id='line_1_19' title="bbox 211 2263 1344 2344; baseline -0.004 -16"><span class='ocrx_word' id='word_1_156' title='bbox 211 2267 355 2328; x_wconf 73' lang='lat' dir='ltr'><strong>Israelitis</strong></span> <span class='ocrx_word' id='word_1_157' title='bbox 381 2267 418 2326; x_wconf 92' lang='lat' dir='ltr'><strong>ad</strong></span> <span class='ocrx_word' id='word_1_158' title='bbox 441 2284 545 2326; x_wconf 90' lang='lat' dir='ltr'><strong>omnes</strong></span> <span class='ocrx_word' id='word_1_159' title='bbox 564 2266 677 2344; x_wconf 91' lang='lat' dir='ltr'><strong>ubique</strong></span> <span class='ocrx_word' id='word_1_160' title='bbox 696 2277 847 2325; x_wconf 87' lang='lat' dir='ltr'><strong>terrarum</strong></span> <span class='ocrx_word' id='word_1_161' title='bbox 868 2274 975 2344; x_wconf 88' lang='lat' dir='ltr'><strong>gentes</strong></span> <span class='ocrx_word' id='word_1_162' title='bbox 997 2282 1063 2323; x_wconf 90' lang='lat' dir='ltr'><strong>sese</strong></span> <span class='ocrx_word' id='word_1_163' title='bbox 1086 2263 1239 2332; x_wconf 86' lang='lat' dir='ltr'><strong>extendit,</strong></span> <span class='ocrx_word' id='word_1_164' title='bbox 1262 2264 1344 2324; x_wconf 93' lang='lat' dir='ltr'><strong>inter</strong></span> 
     </span>
     <span class='ocr_line' id='line_1_20' title="bbox 212 2365 1344 2451; baseline -0.004 -19"><span class='ocrx_word' id='word_1_165' title='bbox 212 2387 286 2451; x_wconf 90' lang='lat' dir='ltr'><strong>quas</strong></span> <span class='ocrx_word' id='word_1_166' title='bbox 307 2373 388 2432; x_wconf 87' lang='lat' dir='ltr'><strong>laete</strong></span> <span class='ocrx_word' id='word_1_167' title='bbox 408 2389 478 2430; x_wconf 87' lang='lat' dir='ltr'><strong>mox</strong></span> <span class='ocrx_word' id='word_1_168' title='bbox 492 2369 633 2446; x_wconf 84' lang='lat' dir='ltr'><strong>effloruit</strong></span> <span class='ocrx_word' id='word_1_169' title='bbox 656 2377 687 2429; x_wconf 90' lang='lat' dir='ltr'><strong>ct</strong></span> <span class='ocrx_word' id='word_1_170' title='bbox 710 2369 842 2429; x_wconf 89' lang='lat' dir='ltr'><strong>adolevit</strong></span> <span class='ocrx_word' id='word_1_171' title='bbox 863 2369 901 2428; x_wconf 90' lang='lat' dir='ltr'><strong>ad</strong></span> <span class='ocrx_word' id='word_1_172' title='bbox 923 2369 1041 2428; x_wconf 86' lang='lat' dir='ltr'><strong>virilem</strong></span> <span class='ocrx_word' id='word_1_173' title='bbox 1064 2378 1202 2428; x_wconf 86' lang='lat' dir='ltr'><strong>aetatem.</strong></span> <span class='ocrx_word' id='word_1_174' title='bbox 1245 2365 1285 2427; x_wconf 87' lang='lat' dir='ltr'><strong>At</strong></span> <span class='ocrx_word' id='word_1_175' title='bbox 1306 2386 1344 2430; x_wconf 92' lang='lat' dir='ltr'><strong>ne</strong></span> 
     </span>
     <span class='ocr_line' id='line_1_21' title="bbox 213 2471 1347 2552; baseline -0.003 -18"><span class='ocrx_word' id='word_1_176' title='bbox 213 2485 285 2534; x_wconf 88' lang='lat' dir='ltr'><strong>tune</strong></span> <span class='ocrx_word' id='word_1_177' title='bbox 314 2474 437 2552; x_wconf 90' lang='lat' dir='ltr'><strong>quidem</strong></span> <span class='ocrx_word' id='word_1_178' title='bbox 467 2493 548 2534; x_wconf 89' lang='lat' dir='ltr'><strong>arma</strong></span> <span class='ocrx_word' id='word_1_179' title='bbox 578 2473 677 2552; x_wconf 89' lang='lat' dir='ltr'><strong>posuit</strong></span> <span class='ocrx_word' id='word_1_180' title='bbox 702 2471 843 2541; x_wconf 87' lang='lat' dir='ltr'><strong>Satanas,</strong></span> <span class='ocrx_word' id='word_1_181' title='bbox 869 2472 923 2532; x_wconf 91' lang='lat' dir='ltr'><strong>scd</strong></span> <span class='ocrx_word' id='word_1_182' title='bbox 943 2483 1048 2531; x_wconf 89' lang='lat' dir='ltr'><strong>contra</strong></span> <span class='ocrx_word' id='word_1_183' title='bbox 1071 2489 1164 2531; x_wconf 86' lang='lat' dir='ltr'><strong>novas</strong></span> <span class='ocrx_word' id='word_1_184' title='bbox 1187 2473 1347 2551; x_wconf 81' lang='lat' dir='ltr'><strong>assumpsit</strong></span> 
     </span>
     <span class='ocr_line' id='line_1_22' title="bbox 213 2574 1346 2654; baseline -0.001 -17"><span class='ocrx_word' id='word_1_185' title='bbox 213 2579 293 2638; x_wconf 88' lang='lat' dir='ltr'><strong>vires</strong></span> <span class='ocrx_word' id='word_1_186' title='bbox 309 2587 340 2636; x_wconf 90' lang='lat' dir='ltr'><strong>et</strong></span> <span class='ocrx_word' id='word_1_187' title='bbox 352 2587 475 2638; x_wconf 88' lang='lat' dir='ltr'><strong>strenue</strong></span> <span class='ocrx_word' id='word_1_188' title='bbox 488 2579 599 2638; x_wconf 89' lang='lat' dir='ltr'><strong>iterum</strong></span> <span class='ocrx_word' id='word_1_189' title='bbox 611 2577 769 2637; x_wconf 89' lang='lat' dir='ltr'><strong>descendit</strong></span> <span class='ocrx_word' id='word_1_190' title='bbox 780 2577 811 2636; x_wconf 92' lang='lat' dir='ltr'><strong>in</strong></span> <span class='ocrx_word' id='word_1_191' title='bbox 824 2585 987 2636; x_wconf 87' lang='lat' dir='ltr'><strong>certamen.</strong></span> <span class='ocrx_word' id='word_1_192' title='bbox 1019 2574 1085 2636; x_wconf 90' lang='lat' dir='ltr'><strong>Nou</strong></span> <span class='ocrx_word' id='word_1_193' title='bbox 1094 2576 1193 2654; x_wconf 90' lang='lat' dir='ltr'><strong>potuit</strong></span> <span class='ocrx_word' id='word_1_194' title='bbox 1204 2594 1277 2636; x_wconf 89' lang='lat' dir='ltr'><strong>sane</strong></span> <span class='ocrx_word' id='word_1_195' title='bbox 1289 2584 1346 2636; x_wconf 90' lang='lat' dir='ltr'><strong>sta·</strong></span> 
     </span>
     <span class='ocr_line' id='line_1_23' title="bbox 214 2678 1348 2760; baseline 0.001 -19"><span class='ocrx_word' id='word_1_196' title='bbox 214 2683 267 2742; x_wconf 91' lang='lat' dir='ltr'><strong>tim</strong></span> <span class='ocrx_word' id='word_1_197' title='bbox 285 2682 366 2742; x_wconf 88' lang='lat' dir='ltr'><strong>omni</strong></span> <span class='ocrx_word' id='word_1_198' title='bbox 386 2683 415 2742; x_wconf 95' lang='lat' dir='ltr'><strong>vi</strong></span> <span class='ocrx_word' id='word_1_199' title='bbox 434 2700 467 2740; x_wconf 93' lang='lat' dir='ltr'><strong>ae</strong></span> <span class='ocrx_word' id='word_1_200' title='bbox 485 2691 603 2741; x_wconf 89' lang='lat' dir='ltr'><strong>terrore</strong></span> <span class='ocrx_word' id='word_1_201' title='bbox 616 2699 795 2760; x_wconf 89' lang='lat' dir='ltr'><strong>erumpere,</strong></span> <span class='ocrx_word' id='word_1_202' title='bbox 815 2691 846 2740; x_wconf 91' lang='lat' dir='ltr'><strong>et</strong></span> <span class='ocrx_word' id='word_1_203' title='bbox 858 2699 953 2759; x_wconf 89' lang='lat' dir='ltr'><strong>usquc</strong></span> <span class='ocrx_word' id='word_1_204' title='bbox 965 2680 1003 2739; x_wconf 91' lang='lat' dir='ltr'><strong>ad</strong></span> <span class='ocrx_word' id='word_1_205' title='bbox 1015 2678 1193 2760; x_wconf 84' lang='lat' dir='ltr'><strong>Gregorium</strong></span> <span class='ocrx_word' id='word_1_206' title='bbox 1205 2697 1348 2760; x_wconf 87' lang='lat' dir='ltr'><strong>magnum</strong></span> 
     </span>
     <span class='ocr_line' id='line_1_24' title="bbox 214 2772 1347 2864; baseline -0.002 -19"><span class='ocrx_word' id='word_1_207' title='bbox 214 2786 314 2864; x_wconf 87' lang='lat' dir='ltr'><strong>aliqua</strong></span> <span class='ocrx_word' id='word_1_208' title='bbox 344 2786 451 2846; x_wconf 89' lang='lat' dir='ltr'><strong>saltem</strong></span> <span class='ocrx_word' id='word_1_209' title='bbox 481 2772 632 2847; x_wconf 80' lang='lat' dir='ltr'><strong>Ecclesiae</strong></span> <span class='ocrx_word' id='word_1_210' title='bbox 663 2786 777 2864; x_wconf 91' lang='lat' dir='ltr'><strong>speeies</strong></span> <span class='ocrx_word' id='word_1_211' title='bbox 799 2785 960 2854; x_wconf 85' lang='lat' dir='ltr'><strong>remansit,</strong></span> <span class='ocrx_word' id='word_1_212' title='bbox 987 2802 1049 2844; x_wconf 92' lang='lat' dir='ltr'><strong>non</strong></span> <span class='ocrx_word' id='word_1_213' title='bbox 1071 2803 1106 2844; x_wconf 93' lang='lat' dir='ltr'><strong>ea</strong></span> <span class='ocrx_word' id='word_1_214' title='bbox 1129 2785 1252 2862; x_wconf 89' lang='lat' dir='ltr'><strong>quidem</strong></span> <span class='ocrx_word' id='word_1_215' title='bbox 1273 2803 1347 2864; x_wconf 88' lang='lat' dir='ltr'><strong>pura</strong></span> 
     </span>
     <span class='ocr_line' id='line_1_25' title="bbox 213 2887 1349 2968; baseline -0.003 -18"><span class='ocrx_word' id='word_1_216' title='bbox 213 2899 245 2950; x_wconf 91' lang='lat' dir='ltr'><strong>et</strong></span> <span class='ocrx_word' id='word_1_217' title='bbox 274 2899 377 2948; x_wconf 89' lang='lat' dir='ltr'><strong>saneta</strong></span> <span class='ocrx_word' id='word_1_218' title='bbox 407 2899 438 2949; x_wconf 92' lang='lat' dir='ltr'><strong>et</strong></span> <span class='ocrx_word' id='word_1_219' title='bbox 465 2907 526 2949; x_wconf 89' lang='lat' dir='ltr'><strong>non</strong></span> <span class='ocrx_word' id='word_1_220' title='bbox 557 2889 667 2948; x_wconf 91' lang='lat' dir='ltr'><strong>leviter</strong></span> <span class='ocrx_word' id='word_1_221' title='bbox 693 2909 709 2948; x_wconf 95' lang='lat' dir='ltr'><strong>a</strong></span> <span class='ocrx_word' id='word_1_222' title='bbox 732 2907 783 2948; x_wconf 87' lang='lat' dir='ltr'><strong>sua</strong></span> <span class='ocrx_word' id='word_1_223' title='bbox 807 2889 990 2968; x_wconf 82' lang='lat' dir='ltr'><strong>degenerata</strong></span> <span class='ocrx_word' id='word_1_224' title='bbox 1012 2887 1263 2967; x_wconf 86' lang='lat' dir='ltr'><strong>perfeetitudine,</strong></span> <span class='ocrx_word' id='word_1_225' title='bbox 1295 2887 1349 2948; x_wconf 89' lang='lat' dir='ltr'><strong>scd</strong></span> 
     </span>
     <span class='ocr_line' id='line_1_26' title="bbox 208 2988 1349 3072; baseline -0.002 -20"><span class='ocrx_word' id='word_1_226' title='bbox 208 2988 381 3053; x_wconf 86' lang='lat' dir='ltr'><strong>tolerabilis</strong></span> <span class='ocrx_word' id='word_1_227' title='bbox 411 3002 513 3052; x_wconf 89' lang='lat' dir='ltr'><strong>tamen</strong></span> <span class='ocrx_word' id='word_1_228' title='bbox 543 3002 634 3071; x_wconf 90' lang='lat' dir='ltr'><strong>atque</strong></span> <span class='ocrx_word' id='word_1_229' title='bbox 664 2993 839 3072; x_wconf 85' lang='lat' dir='ltr'><strong>plausibilis</strong></span> <span class='ocrx_word' id='word_1_230' title='bbox 882 2991 997 3054; x_wconf 87' lang='lat' dir='ltr'><strong>Dehinc</strong></span> <span class='ocrx_word' id='word_1_231' title='bbox 1029 3003 1130 3052; x_wconf 90' lang='lat' dir='ltr'><strong>autem</strong></span> <span class='ocrx_word' id='word_1_232' title='bbox 1162 3009 1211 3051; x_wconf 90' lang='lat' dir='ltr'><strong>res</strong></span> <span class='ocrx_word' id='word_1_233' title='bbox 1239 2991 1349 3071; x_wconf 88' lang='lat' dir='ltr'><strong>passim</strong></span> 
     </span>
     <span class='ocr_line' id='line_1_27' title="bbox 215 3095 1350 3176; baseline -0.003 -20"><span class='ocrx_word' id='word_1_234' title='bbox 215 3097 352 3176; x_wconf 88' lang='lat' dir='ltr'><strong>quotidie</strong></span> <span class='ocrx_word' id='word_1_235' title='bbox 372 3095 412 3156; x_wconf 75' lang='lat' dir='ltr'><strong>in&#39;</strong></span> <span class='ocrx_word' id='word_1_236' title='bbox 425 3097 561 3157; x_wconf 89' lang='lat' dir='ltr'><strong>deterius</strong></span> <span class='ocrx_word' id='word_1_237' title='bbox 583 3097 738 3176; x_wconf 88' lang='lat' dir='ltr'><strong>prolapsae</strong></span> <span class='ocrx_word' id='word_1_238' title='bbox 760 3106 847 3165; x_wconf 91' lang='lat' dir='ltr'><strong>sunt,</strong></span> <span class='ocrx_word' id='word_1_239' title='bbox 869 3097 942 3156; x_wconf 85' lang='lat' dir='ltr'><strong>dum</strong></span> <span class='ocrx_word' id='word_1_240' title='bbox 964 3098 1075 3156; x_wconf 86' lang='lat' dir='ltr'><strong>sensim</strong></span> <span class='ocrx_word' id='word_1_241' title='bbox 1098 3095 1243 3155; x_wconf 90' lang='lat' dir='ltr'><strong>stabilivit</strong></span> <span class='ocrx_word' id='word_1_242' title='bbox 1264 3113 1296 3154; x_wconf 91' lang='lat' dir='ltr'><strong>sc</strong></span> <span class='ocrx_word' id='word_1_243' title='bbox 1317 3102 1350 3154; x_wconf 90' lang='lat' dir='ltr'><strong>et</strong></span> 
     </span>
     <span class='ocr_line' id='line_1_28' title="bbox 216 3199 1350 3279; baseline -0.002 -19"><span class='ocrx_word' id='word_1_244' title='bbox 216 3199 343 3260; x_wconf 90' lang='lat' dir='ltr'><strong>adaucta</strong></span> <span class='ocrx_word' id='word_1_245' title='bbox 381 3200 440 3262; x_wconf 86' lang='lat' dir='ltr'><strong>fuit</strong></span> <span class='ocrx_word' id='word_1_246' title='bbox 475 3199 626 3260; x_wconf 88' lang='lat' dir='ltr'><strong>Romanae</strong></span> <span class='ocrx_word' id='word_1_247' title='bbox 656 3201 736 3260; x_wconf 90' lang='lat' dir='ltr'><strong>sedis</strong></span> <span class='ocrx_word' id='word_1_248' title='bbox 763 3201 910 3279; x_wconf 86' lang='lat' dir='ltr'><strong>tyrannis.</strong></span> <span class='ocrx_word' id='word_1_249' title='bbox 963 3199 1002 3259; x_wconf 92' lang='lat' dir='ltr'><strong>Et</strong></span> <span class='ocrx_word' id='word_1_250' title='bbox 1031 3219 1066 3260; x_wconf 94' lang='lat' dir='ltr'><strong>eo</strong></span> <span class='ocrx_word' id='word_1_251' title='bbox 1095 3217 1190 3278; x_wconf 89' lang='lat' dir='ltr'><strong>usque</strong></span> <span class='ocrx_word' id='word_1_252' title='bbox 1215 3207 1350 3278; x_wconf 79' lang='lat' dir='ltr'><strong>grassata</strong></span> 
     </span>
     <span class='ocr_line' id='line_1_29' title="bbox 213 3299 1420 3383; baseline -0.004 -19"><span class='ocrx_word' id='word_1_253' title='bbox 213 3315 259 3365; x_wconf 92' lang='lat' dir='ltr'><strong>est</strong></span> <span class='ocrx_word' id='word_1_254' title='bbox 288 3303 461 3383; x_wconf 86' lang='lat' dir='ltr'><strong>prodigiosa</strong></span> <span class='ocrx_word' id='word_1_255' title='bbox 483 3303 532 3362; x_wconf 79' lang='lat' dir='ltr'><strong>illa</strong></span> <span class='ocrx_word' id='word_1_256' title='bbox 556 3302 659 3369; x_wconf 92' lang='lat' dir='ltr'><strong>ruina,</strong></span> <span class='ocrx_word' id='word_1_257' title='bbox 686 3301 782 3361; x_wconf 88' lang='lat' dir='ltr'><strong>donec</strong></span> <span class='ocrx_word' id='word_1_258' title='bbox 804 3302 867 3380; x_wconf 92' lang='lat' dir='ltr'><strong>ipsc</strong></span> <span class='ocrx_word' id='word_1_259' title='bbox 890 3301 1013 3362; x_wconf 88' lang='lat' dir='ltr'><strong>tandem</strong></span> <span class='ocrx_word' id='word_1_260' title='bbox 1036 3301 1239 3362; x_wconf 84' lang='lat' dir='ltr'><strong>Antichristus</strong></span> <span class='ocrx_word' id='word_1_261' title='bbox 1261 3299 1350 3362; x_wconf 82' lang='lat' dir='ltr'><strong>Saue·</strong></span> <span class='ocrx_word' id='word_1_262' title='bbox 1415 3305 1420 3312; x_wconf 84' lang='grc'>’</span> 
     </span>
     <span class='ocr_line' id='line_1_30' title="bbox 216 3403 1351 3486; baseline -0.005 -18"><span class='ocrx_word' id='word_1_263' title='bbox 216 3409 349 3470; x_wconf 89' lang='lat' dir='ltr'><strong>tuarium</strong></span> <span class='ocrx_word' id='word_1_264' title='bbox 372 3405 426 3467; x_wconf 87' lang='lat' dir='ltr'><strong>Dei</strong></span> <span class='ocrx_word' id='word_1_265' title='bbox 449 3406 622 3486; x_wconf 88' lang='lat' dir='ltr'><strong>occupavit,</strong></span> <span class='ocrx_word' id='word_1_266' title='bbox 644 3423 743 3483; x_wconf 88' lang='lat' dir='ltr'><strong>neque</strong></span> <span class='ocrx_word' id='word_1_267' title='bbox 767 3405 882 3464; x_wconf 85' lang='lat' dir='ltr'><strong>veritus</strong></span> <span class='ocrx_word' id='word_1_268' title='bbox 904 3405 1061 3477; x_wconf 82' lang='lat' dir='ltr'><strong>estlocdo</strong></span> <span class='ocrx_word' id='word_1_269' title='bbox 1084 3423 1138 3465; x_wconf 92' lang='lat' dir='ltr'><strong>suo</strong></span> <span class='ocrx_word' id='word_1_270' title='bbox 1160 3417 1191 3465; x_wconf 90' lang='lat' dir='ltr'><strong>et</strong></span> <span class='ocrx_word' id='word_1_271' title='bbox 1212 3403 1351 3464; x_wconf 76' lang='lat' dir='ltr'><strong>horribili</strong></span> 
     </span>
     <span class='ocr_line' id='line_1_31' title="bbox 217 3507 1351 3590; baseline -0.005 -18"><span class='ocrx_word' id='word_1_272' title='bbox 217 3513 356 3590; x_wconf 89' lang='lat' dir='ltr'><strong>squalore</strong></span> <span class='ocrx_word' id='word_1_273' title='bbox 388 3520 491 3570; x_wconf 86' lang='lat' dir='ltr'><strong>sancta</strong></span> <span class='ocrx_word' id='word_1_274' title='bbox 513 3527 713 3588; x_wconf 88' lang='lat' dir='ltr'><strong>conspurcare</strong></span> <span class='ocrx_word' id='word_1_275' title='bbox 735 3510 918 3589; x_wconf 87' lang='lat' dir='ltr'><strong>penetralia,</strong></span> <span class='ocrx_word' id='word_1_276' title='bbox 950 3511 1097 3589; x_wconf 83' lang='lat' dir='ltr'><strong>sacrilego</strong></span> <span class='ocrx_word' id='word_1_277' title='bbox 1119 3527 1174 3572; x_wconf 89' lang='lat' dir='ltr'><strong>suo</strong></span> <span class='ocrx_word' id='word_1_278' title='bbox 1192 3509 1282 3589; x_wconf 89' lang='lat' dir='ltr'><strong>capiti</strong></span> <span class='ocrx_word' id='word_1_279' title='bbox 1299 3507 1351 3567; x_wconf 78' lang='lat' dir='ltr'><strong>tri-</strong></span> 
     </span>
     <span class='ocr_line' id='line_1_32' title="bbox 218 3611 1351 3694; baseline -0.003 -20"><span class='ocrx_word' id='word_1_280' title='bbox 218 3615 287 3694; x_wconf 90' lang='lat' dir='ltr'><strong>plici</strong></span> <span class='ocrx_word' id='word_1_281' title='bbox 319 3613 491 3673; x_wconf 87' lang='lat' dir='ltr'><strong>diademate</strong></span> <span class='ocrx_word' id='word_1_282' title='bbox 523 3612 692 3692; x_wconf 80' lang='lat' dir='ltr'><strong>fulgentem</strong></span> <span class='ocrx_word' id='word_1_283' title='bbox 724 3613 881 3691; x_wconf 87' lang='lat' dir='ltr'><strong>imponens</strong></span> <span class='ocrx_word' id='word_1_284' title='bbox 913 3631 1062 3673; x_wconf 88' lang='lat' dir='ltr'><strong>coronam.</strong></span> <span class='ocrx_word' id='word_1_285' title='bbox 1115 3611 1194 3682; x_wconf 83' lang='lat' dir='ltr'><strong>Quid</strong></span> <span class='ocrx_word' id='word_1_286' title='bbox 1226 3613 1351 3679; x_wconf 86' lang='lat' dir='ltr'><strong>mirum,</strong></span> 
     </span>
     <span class='ocr_line' id='line_1_33' title="bbox 215 3713 1353 3796; baseline -0.004 -18"><span class='ocrx_word' id='word_1_287' title='bbox 215 3719 277 3796; x_wconf 90' lang='lat' dir='ltr'><strong>jam</strong></span> <span class='ocrx_word' id='word_1_288' title='bbox 306 3717 406 3778; x_wconf 89' lang='lat' dir='ltr'><strong>omnia</strong></span> <span class='ocrx_word' id='word_1_289' title='bbox 432 3716 559 3795; x_wconf 93' lang='lat' dir='ltr'><strong>proinde</strong></span> <span class='ocrx_word' id='word_1_290' title='bbox 585 3717 682 3775; x_wconf 89' lang='lat' dir='ltr'><strong>ruisse</strong></span> <span class='ocrx_word' id='word_1_291' title='bbox 711 3717 909 3796; x_wconf 79' lang='lat' dir='ltr'><strong>praecipitia?</strong></span> <span class='ocrx_word' id='word_1_292' title='bbox 952 3716 1073 3777; x_wconf 85' lang='lat' dir='ltr'><strong>Vastata</strong></span> <span class='ocrx_word' id='word_1_293' title='bbox 1096 3727 1141 3777; x_wconf 89' lang='lat' dir='ltr'><strong>est</strong></span> <span class='ocrx_word' id='word_1_294' title='bbox 1164 3713 1296 3776; x_wconf 87' lang='lat' dir='ltr'><strong>Ecclesia</strong></span> <span class='ocrx_word' id='word_1_295' title='bbox 1318 3733 1353 3774; x_wconf 90' lang='lat' dir='ltr'><strong>ac</strong></span> 
     </span>
     <span class='ocr_line' id='line_1_34' title="bbox 218 3817 1353 3898; baseline -0.003 -18"><span class='ocrx_word' id='word_1_296' title='bbox 218 3821 282 3880; x_wconf 89' lang='lat' dir='ltr'><strong>sere</strong></span> <span class='ocrx_word' id='word_1_297' title='bbox 310 3821 460 3898; x_wconf 87' lang='lat' dir='ltr'><strong>dissipata.</strong></span> <span class='ocrx_word' id='word_1_298' title='bbox 506 3817 625 3878; x_wconf 88' lang='lat' dir='ltr'><strong>Mactati</strong></span> <span class='ocrx_word' id='word_1_299' title='bbox 655 3817 760 3879; x_wconf 86' lang='lat' dir='ltr'><strong>fideles</strong></span> <span class='ocrx_word' id='word_1_300' title='bbox 783 3818 895 3880; x_wconf 81' lang='lat' dir='ltr'><strong>Christi</strong></span> <span class='ocrx_word' id='word_1_301' title='bbox 918 3821 1005 3880; x_wconf 87' lang='lat' dir='ltr'><strong>servi.</strong></span> <span class='ocrx_word' id='word_1_302' title='bbox 1047 3819 1091 3889; x_wconf 79' lang='lat' dir='ltr'><strong>la,</strong></span> <span class='ocrx_word' id='word_1_303' title='bbox 1113 3820 1165 3898; x_wconf 93' lang='lat' dir='ltr'><strong>qui</strong></span> <span class='ocrx_word' id='word_1_304' title='bbox 1187 3818 1299 3879; x_wconf 86' lang='lat' dir='ltr'><strong>Christi</strong></span> <span class='ocrx_word' id='word_1_305' title='bbox 1321 3837 1353 3878; x_wconf 91' lang='lat' dir='ltr'><strong>se</strong></span> 
     </span>
     <span class='ocr_line' id='line_1_35' title="bbox 219 3921 1353 4008; baseline -0.002 -25"><span class='ocrx_word' id='word_1_306' title='bbox 219 3923 349 3984; x_wconf 89' lang='lat' dir='ltr'><strong>iactabat</strong></span> <span class='ocrx_word' id='word_1_307' title='bbox 375 3923 538 3992; x_wconf 87' lang='lat' dir='ltr'><strong>vicarium,</strong></span> <span class='ocrx_word' id='word_1_308' title='bbox 564 3923 659 3982; x_wconf 89' lang='lat' dir='ltr'><strong>Deum</strong></span> <span class='ocrx_word' id='word_1_309' title='bbox 684 3923 865 4002; x_wconf 83' lang='lat' dir='ltr'><strong>abnegavit,</strong></span> <span class='ocrx_word' id='word_1_310' title='bbox 890 3921 1060 4008; x_wconf 86' lang='lat' dir='ltr'><strong>Euangelia</strong></span> <span class='ocrx_word' id='word_1_311' title='bbox 1092 3921 1177 3982; x_wconf 81' lang='lat' dir='ltr'><strong>fictas</strong></span> <span class='ocrx_word' id='word_1_312' title='bbox 1209 3923 1353 4002; x_wconf 86' lang='lat' dir='ltr'><strong>impostu-</strong></span> 
     </span>
     <span class='ocr_line' id='line_1_36' title="bbox 219 4011 1355 4106; baseline 0 -20"><span class='ocrx_word' id='word_1_313' title='bbox 219 4045 284 4094; x_wconf 87' lang='lat' dir='ltr'><strong>ras,</strong></span> <span class='ocrx_word' id='word_1_314' title='bbox 313 4023 394 4086; x_wconf 89' lang='lat' dir='ltr'><strong>vitac</strong></span> <span class='ocrx_word' id='word_1_315' title='bbox 422 4011 544 4086; x_wconf 85' lang='lat' dir='ltr'><strong>futurae</strong></span> <span class='ocrx_word' id='word_1_316' title='bbox 574 4045 657 4105; x_wconf 88' lang='lat' dir='ltr'><strong>spem</strong></span> <span class='ocrx_word' id='word_1_317' title='bbox 685 4045 800 4086; x_wconf 88' lang='lat' dir='ltr'><strong>meram</strong></span> <span class='ocrx_word' id='word_1_318' title='bbox 829 4025 961 4088; x_wconf 83' lang='lat' dir='ltr'><strong>fabulam</strong></span> <span class='ocrx_word' id='word_1_319' title='bbox 991 4027 1193 4106; x_wconf 88' lang='lat' dir='ltr'><strong>proclamavit.</strong></span> <span class='ocrx_word' id='word_1_320' title='bbox 1239 4025 1274 4086; x_wconf 91' lang='lat' dir='ltr'><strong>Iu</strong></span> <span class='ocrx_word' id='word_1_321' title='bbox 1302 4027 1355 4086; x_wconf 87' lang='lat' dir='ltr'><strong>illa</strong></span> 
     </span>
     <span class='ocr_line' id='line_1_37' title="bbox 220 4128 1355 4209; baseline -0.001 -19"><span class='ocrx_word' id='word_1_322' title='bbox 220 4141 322 4190; x_wconf 89' lang='lat' dir='ltr'><strong>autern</strong></span> <span class='ocrx_word' id='word_1_323' title='bbox 350 4139 413 4189; x_wconf 90' lang='lat' dir='ltr'><strong>tam</strong></span> <span class='ocrx_word' id='word_1_324' title='bbox 440 4131 528 4190; x_wconf 86' lang='lat' dir='ltr'><strong>sceda</strong></span> <span class='ocrx_word' id='word_1_325' title='bbox 557 4129 713 4199; x_wconf 86' lang='lat' dir='ltr'><strong>barbarie,</strong></span> <span class='ocrx_word' id='word_1_326' title='bbox 740 4149 832 4209; x_wconf 90' lang='lat' dir='ltr'><strong>quum</strong></span> <span class='ocrx_word' id='word_1_327' title='bbox 856 4139 955 4190; x_wconf 86' lang='lat' dir='ltr'><strong>actum</strong></span> <span class='ocrx_word' id='word_1_328' title='bbox 977 4129 1037 4189; x_wconf 89' lang='lat' dir='ltr'><strong>iam</strong></span> <span class='ocrx_word' id='word_1_329' title='bbox 1059 4128 1221 4190; x_wconf 88' lang='lat' dir='ltr'><strong>videbatur</strong></span> <span class='ocrx_word' id='word_1_330' title='bbox 1241 4129 1355 4191; x_wconf 83' lang='lat' dir='ltr'><strong>deEc·</strong></span> 
     </span>
     <span class='ocr_line' id='line_1_38' title="bbox 221 4233 1355 4314; baseline 0.001 -22"><span class='ocrx_word' id='word_1_331' title='bbox 221 4233 311 4292; x_wconf 90' lang='lat' dir='ltr'><strong>clesia</strong></span> <span class='ocrx_word' id='word_1_332' title='bbox 335 4243 428 4312; x_wconf 87' lang='lat' dir='ltr'><strong>atque</strong></span> <span class='ocrx_word' id='word_1_333' title='bbox 452 4235 687 4302; x_wconf 89' lang='lat' dir='ltr'><strong>conclamatum,</strong></span> <span class='ocrx_word' id='word_1_334' title='bbox 713 4235 870 4313; x_wconf 88' lang='lat' dir='ltr'><strong>paullatim</strong></span> <span class='ocrx_word' id='word_1_335' title='bbox 891 4234 1100 4314; x_wconf 87' lang='lat' dir='ltr'><strong>gradatimque</strong></span> <span class='ocrx_word' id='word_1_336' title='bbox 1113 4235 1300 4296; x_wconf 89' lang='lat' dir='ltr'><strong>renascentis</strong></span> <span class='ocrx_word' id='word_1_337' title='bbox 1311 4235 1355 4293; x_wconf 89' lang='lat' dir='ltr'><strong>lu·</strong></span> 
     </span>
     <span class='ocr_line' id='line_1_39' title="bbox 221 4337 1355 4419; baseline 0.001 -23"><span class='ocrx_word' id='word_1_338' title='bbox 221 4338 263 4397; x_wconf 92' lang='lat' dir='ltr'><strong>eis</strong></span> <span class='ocrx_word' id='word_1_339' title='bbox 291 4347 496 4416; x_wconf 89' lang='lat' dir='ltr'><strong>apparuerunt</strong></span> <span class='ocrx_word' id='word_1_340' title='bbox 521 4339 625 4407; x_wconf 92' lang='lat' dir='ltr'><strong>initia,</strong></span> <span class='ocrx_word' id='word_1_341' title='bbox 651 4337 748 4398; x_wconf 91' lang='lat' dir='ltr'><strong>donec</strong></span> <span class='ocrx_word' id='word_1_342' title='bbox 774 4348 842 4418; x_wconf 87' lang='lat' dir='ltr'><strong>post</strong></span> <span class='ocrx_word' id='word_1_343' title='bbox 864 4337 1071 4398; x_wconf 89' lang='lat' dir='ltr'><strong>donsissimam</strong></span> <span class='ocrx_word' id='word_1_344' title='bbox 1093 4339 1253 4419; x_wconf 85' lang='lat' dir='ltr'><strong>caliginem</strong></span> <span class='ocrx_word' id='word_1_345' title='bbox 1275 4339 1355 4398; x_wconf 91' lang='lat' dir='ltr'><strong>laete</strong></span> 
     </span>
     <span class='ocr_line' id='line_1_40' title="bbox 222 4437 1357 4520; baseline -0.002 -17"><span class='ocrx_word' id='word_1_346' title='bbox 222 4441 345 4503; x_wconf 86' lang='lat' dir='ltr'><strong>tandem</strong></span> <span class='ocrx_word' id='word_1_347' title='bbox 375 4439 524 4500; x_wconf 85' lang='lat' dir='ltr'><strong>effulserit</strong></span> <span class='ocrx_word' id='word_1_348' title='bbox 552 4437 711 4520; x_wconf 87' lang='lat' dir='ltr'><strong>Euangelii</strong></span> <span class='ocrx_word' id='word_1_349' title='bbox 740 4440 808 4509; x_wconf 82' lang='lat' dir='ltr'><strong>tux,</strong></span> <span class='ocrx_word' id='word_1_350' title='bbox 838 4457 914 4519; x_wconf 88' lang='lat' dir='ltr'><strong>quae</strong></span> <span class='ocrx_word' id='word_1_351' title='bbox 947 4439 1075 4502; x_wconf 80' lang='lat' dir='ltr'><strong>viviticis</strong></span> <span class='ocrx_word' id='word_1_352' title='bbox 1107 4443 1178 4502; x_wconf 91' lang='lat' dir='ltr'><strong>suis.</strong></span> <span class='ocrx_word' id='word_1_353' title='bbox 1201 4440 1293 4503; x_wconf 82' lang='lat' dir='ltr'><strong>radiis</strong></span> <span class='ocrx_word' id='word_1_354' title='bbox 1325 4439 1357 4503; x_wconf 90' lang='lat' dir='ltr'><strong>in</strong></span> 
     </span>
     <span class='ocr_line' id='line_1_41' title="bbox 221 4541 1357 4624; baseline 0 -20"><span class='ocrx_word' id='word_1_355' title='bbox 221 4544 395 4606; x_wconf 88' lang='lat' dir='ltr'><strong>mortalium</strong></span> <span class='ocrx_word' id='word_1_356' title='bbox 428 4543 529 4604; x_wconf 91' lang='lat' dir='ltr'><strong>denuo</strong></span> <span class='ocrx_word' id='word_1_357' title='bbox 562 4543 653 4603; x_wconf 88' lang='lat' dir='ltr'><strong>eorde</strong></span> <span class='ocrx_word' id='word_1_358' title='bbox 686 4541 850 4604; x_wconf 82' lang='lat' dir='ltr'><strong>excanduit</strong></span> <span class='ocrx_word' id='word_1_359' title='bbox 882 4549 973 4624; x_wconf 87' lang='lat' dir='ltr'><strong>atque</strong></span> <span class='ocrx_word' id='word_1_360' title='bbox 1007 4543 1128 4604; x_wconf 85' lang='lat' dir='ltr'><strong>exarsit.</strong></span> <span class='ocrx_word' id='word_1_361' title='bbox 1171 4541 1276 4622; x_wconf 86' lang='lat' dir='ltr'><strong>Neque</strong></span> <span class='ocrx_word' id='word_1_362' title='bbox 1307 4542 1357 4604; x_wconf 90' lang='lat' dir='ltr'><strong>hic</strong></span> 
     </span>
    </p>
   </div>
   <div class='ocr_carea' id='block_1_3' title="bbox 0 0 1640 5102">
    <p class='ocr_par' dir='ltr' id='par_1_3' title="bbox 0 0 1640 5102">
     <span class='ocr_line' id='line_1_42' title="bbox 0 0 1640 5102; baseline 0 0"><span class='ocrx_word' id='word_1_363' title='bbox 0 0 1640 5102; x_wconf 95' lang='lat' dir='ltr'><strong> </strong></span> 
     </span>
    </p>
   </div>
  </div>
 </body>
</html>
