3240 5100
818 295 878 356 {26

282 496 387 557 „solus
414 494 507 556 habet
532 496 707 576 promissum
737 495 793 557 sibi
823 495 915 557 verbo
944 494 999 556 Dei
1025 493 1116 575 (quod
1137 497 1261 556 mentiri
1282 514 1342 557 non
1365 515 1416 577 po·

282 603 379 674 mest)
401 597 580 660 Sanctorum
601 600 860 669 communionem,
888 599 1097 660 remissionem
1119 610 1326 681 pcccatorum,
1355 619 1418 660 can

284 704 353 763 anis
380 703 542 783 gloriosam
571 705 828 765 resurrectionem
857 714 888 765 et
916 704 1010 766 vitam
1039 714 1194 765 aeternam
1205 704 1270 786 ⁸).'’v
1308 703 1418 763 Omnes

284 808 379 888 igitur
411 807 464 867 »in
492 807 551 870 hoc
577 809 629 870 tali
658 819 748 869 coetu
769 809 943 878 constituti,
971 809 1048 868 certi
1070 819 1156 877 sunt,
1185 809 1285 868 omnia
1307 806 1418 867 Christi

285 908 427 970 ‚Domini
455 907 602 969 beneficia
627 911 665 973 ad
687 929 718 970 se
740 911 866 990 perinde
888 919 980 989 etque
1002 911 1040 971 ed
1062 912 1136 970 elios
1158 921 1276 972 sanctos
1299 929 1418 980 omnes,

286 1014 341 1074 »in
371 1012 454 1073 coelo
482 1023 513 1072 et
542 1013 573 1072 in
602 1023 683 1074 terra
710 1015 872 1093 pertinere.
915 1013 1031 1075 Deinde
1057 1025 1139 1075 certa
1165 1013 1276 1076 fiducia
1300 1033 1420 1094 semper

287 1117 450 1178 »obtinent
471 1116 673 1176 indubitatem
696 1119 831 1178 omnium
852 1128 1044 1197 peccatorum
1062 1118 1287 1188 remissionem,
1308 1119 1340 1179 in
1359 1137 1419 1178 om·

288 1221 341 1282 »ni
357 1240 410 1281 sua
433 1239 487 1301 per
508 1239 618 1280 nomen
641 1220 753 1281 Christi
774 1221 913 1282 institute
935 1223 1134 1284 invocatione.
1177 1221 1348 1292 Postremo,
1376 1232 1420 1282 ct·

288 1327 335 1386 »si
365 1343 396 1385 se
425 1325 457 1384 in
485 1325 598 1386 mundo
626 1323 683 1385 hoc
704 1335 892 1406 contemptos
915 1336 1006 1406 etque
1029 1328 1141 1387 invisos
1162 1327 1260 1387 modis
1282 1325 1421 1386 omnibus

289 1447 376 1490 nesse
405 1428 544 1498 videant,
570 1429 646 1490 certi
675 1439 746 1489 sunt
775 1440 877 1490 temon
900 1449 932 1492 se
951 1431 1081 1510 gloriose
1103 1431 1175 1492 olim
1197 1437 1421 1490 resurrecturos

289 1551 435 1594 resse...
457 1533 495 1594 sd
517 1532 610 1593 vitam
626 1542 657 1594 et
675 1534 802 1613 gloriam
821 1545 977 1594 aeternam
988 1535 1013 1616 ⁷)
1022 1535 1047 1604 ,''
1069 1545 1244 1616 propterea,
1266 1533 1348 1613 quod
1369 1531 1421 1592 »hi

289 1655 416 1697 »onmes
448 1636 578 1699 delatam
611 1635 669 1697 sibi
701 1635 816 1697 hebent
847 1639 1039 1718 gratuito...
1079 1640 1320 1706 communionem
1353 1655 1420 1696 eum

289 1738 431 1800 »Christo
454 1737 596 1808 Domino,
618 1748 768 1817 quatenus
789 1739 924 1800 membra
946 1750 1018 1800 sunt
1040 1758 1111 1801 suae
1134 1741 1283 1800 Ecclesiae
1294 1739 1346 1821 8).”
1382 1738 1422 1800 Ut

289 1843 383 1904 verbo
419 1842 532 1910 dicam,
582 1840 736 1921 »Spiritus
768 1853 890 1904 sanetus
929 1843 1035 1906 efficax
1063 1845 1165 1906 reddit
1197 1845 1372 1904 institutum
1405 1862 1422 1902 e

290 1947 433 2010 »Christo
460 1946 664 2007 ministerium
692 1947 730 2008 od
759 1946 957 2030 salutemus
1000 1958 1061 2009 sut
1089 1947 1253 2010 fructificet
1281 1949 1313 2009 in
1342 1947 1422 2008 omni

290 2051 441 2131 »pictate
463 2032 578 2112 iustitie
600 2061 631 2111 et
652 2052 829 2112 seanctitate
842 2051 904 2132 10).”

500 2256 521 2339 5
543 2259 590 2317 ll.
633 2257 879 2336 Perfectissimum
899 2247 1047 2320 Eeclcstlte
1068 2258 1223 2338 cccmplor.

332 2463 432 2534 Quum
454 2465 545 2525 certis
566 2483 588 2524 s.
607 2465 773 2545 scripturae
794 2465 975 2526 testimoniis
992 2475 1126 2535 constat,
1149 2465 1321 2528 »Christum
1340 2483 1425 2524 suam

292 2569 476 2630 »Ecclesiam
494 2568 671 2632 habiturum
690 2588 754 2630 esse
773 2570 922 2648 usquead
940 2570 1227 2630 consummationem
1239 2567 1424 2648 dierum1),’'

293 2691 381 2752 quem
411 2673 493 2732 inter
521 2672 613 2733 breve
636 2674 781 2752 temporis
802 2674 934 2752 spatium
957 2673 1151 2752 exspectabat
1162 2673 1200 2754 ²),
1230 2691 1338 2752 operes
1360 2689 1426 2752 pre·

294 2777 368 2836 tium
394 2778 454 2839 erit
482 2777 668 2855 paucissimis
697 2778 728 2836 in
757 2776 817 2836 fine
839 2775 932 2836 huius
952 2778 1058 2856 eapitis
1080 2778 1248 2858 inquirere,
1275 2777 1427 2856 quodnam

293 2878 386 2940 luerit
413 2898 431 2938 e
457 2889 558 2940 mente
585 2878 670 2940 Lnsci
693 2881 842 2940 Ecclesiae
865 2880 1048 2959 perlectum,
1075 2882 1112 2941 ad
1135 2881 1217 2960 quod
1240 2900 1308 2941 suos
1330 2881 1427 2944 Eccle-

294 2983 354 3046 siae
378 2982 538 3043 instituere
559 2993 685 3043 conotus
707 2993 762 3042 est.
805 2981 927 3043 Nullum
950 2994 1051 3045 autem
1075 2985 1174 3064 aptius
1196 2985 1281 3046 iuxta
1299 3003 1333 3043 ec
1351 2983 1427 3043 dilu-

292 3085 391 3146 cidius
419 3083 490 3146 huic
519 3087 689 3165 quaestioni
718 3105 895 3165 responsum
924 3087 989 3148 dori
1018 3089 1146 3169 poterit,
1176 3108 1265 3167 quam
1287 3088 1312 3150 si
1334 3087 1428 3146 eonti-

294 3207 390 3252 nuunt
426 3189 673 3269 descripserimus
712 3191 825 3260 locum,
864 3190 917 3251 ubi
956 3192 1172 3252 fervidissimas
1204 3210 1322 3272 preces,
1355 3209 1429 3270 quas

294 3293 401 3373 quovis
441 3293 490 3355 dic
526 3292 682 3353 Dominico
721 3294 759 3353 cb
791 3295 880 3354 initio
913 3314 1014 3355 sacrae
1046 3296 1200 3356 concionis
1232 3299 1333 3356 coram
1365 3303 1430 3356 tota

296 3397 426 3457 Ecclesia
455 3396 626 3456 fundendus
655 3397 693 3456 ud
722 3407 835 3457 certem
865 3398 1025 3458 formulam
1054 3399 1084 3458 in
1113 3397 1195 3458 lmnc
1216 3399 1339 3459 modum
1361 3416 1430 3458 con·

294 3501 449 3580 concepit:
492 3497 641 3558 »Oramus
664 3508 693 3558 te
716 3501 903 3560 sanctissime
925 3499 1030 3570 Pater,
1052 3520 1105 3580 pro
1126 3494 1275 3561 catholica
1296 3498 1350 3559 filii
1369 3500 1431 3568 tui,

297 3613 387 3664 »toto
417 3613 566 3664 terrerum
596 3601 669 3661 orbe
699 3601 807 3662 diliuss
835 3603 981 3671 Ecclesia,
1009 3605 1041 3663 in
1063 3623 1121 3682 qua
1145 3623 1215 3664 vere
1236 3581 1432 3663 ac'salutaris

296 3706 375 3767 »filii
397 3706 443 3766 tui
465 3705 604 3765 doctriua
626 3705 755 3765 docetur
776 3717 807 3766 et
830 3706 1016 3768 observetur.
1059 3705 1169 3766 Arceto
1192 3706 1229 3766 sb
1250 3707 1316 3776 illu,
1343 3725 1432 3784 quae·

298 3829 436 3880 »sumus
465 3809 556 3870 salsos
585 3827 689 3870 omues
715 3820 850 3890 pastores
878 3830 912 3871 ac
941 3811 1095 3870 doctores:
1124 3810 1203 3872 ferus
1225 3809 1290 3870 illes
1311 3812 1431 3881 noxias,
1475 3795 1477 3799 ⁸

296 3944 591 3964 W*

339 4060 359 4121 6)
377 4059 463 4108 Forma
481 4071 510 4106 cc
526 4060 573 4107 rat.
591 4057 646 4108 min.
665 4058 739 4109 hond.
757 4073 780 4124 p.
799 4057 856 4111 177.
957 4057 977 4120 ⁷)
995 4057 1031 4110 Ib.
1049 4075 1072 4124 p.
1092 4059 1140 4114 177
1157 4062 1182 4108 et
1200 4059 1256 4114 178.
1305 4125 1307 4130 ,

338 4137 359 4202 8)
380 4141 458 4190 lieet.
476 4139 506 4190 de
524 4141 629 4190 Sacram.
647 4157 670 4206 p.
689 4142 741 4194 84³.
843 4141 862 4202 ⁹)
880 4142 966 4192 Formo
983 4156 1013 4192 ce
1029 4146 1076 4192 rol.
1094 4143 1149 4193 min.
1167 4143 1241 4196 und.
1259 4157 1282 4206 p.
1301 4142 1360 4194 tot.

329 4224 336 4256 1

340 4222 520 4366 dlddrdazc
539 4306 586 4352 rol.
609 4305 665 4353 min.
689 4305 763 4355 Lond.
786 4321 809 4369 p.
827 4305 884 4358 176.
907 4305 943 4354 Ol.
966 4306 1040 4370 Purp.
1057 4307 1114 4356 mia.
1137 4307 1251 4372 Francos.
1273 4321 1297 4371 p.
1319 4308 1358 4357 52.
1385 4307 1435 4356 cat.

301 4387 378 4436 Locd.
396 4387 451 4435 mai.
469 4401 492 4450 p.
511 4385 550 4438 76.
568 4386 612 4450 Ep.
629 4385 664 4434 od
680 4387 734 4436 Sea.
752 4387 805 4436 Pol.
823 4389 884 4448 (Ser.
902 4390 953 4436 aad.
975 4387 1023 4437 III.
1047 4389 1083 4438 lt.
1106 4388 1183 4450 tou).
1206 4389 1275 4454 Coos.
1286 4387 1351 4454 fidei
1371 4405 1395 4453 p.
1412 4390 1436 4438 4.

303 4471 437 4533 (fluctues.
454 4485 478 4533 p.
497 4467 563 4530 1136.)
581 4471 606 4516 et
624 4468 638 4517 8
659 4466 700 4528 (ib.
717 4483 740 4532 p.
760 4468 835 4530 244).

342 4553 363 4617 a
383 4553 436 4603 cac
453 4552 527 4604 cocu
544 4551 600 4602 aas.
618 4567 642 4616 p.
661 4549 705 4611 u,
723 4547 764 4604 te.
779 4551 822 4614 up.
840 4549 875 4601 au
889 4550 1012 4605 cauas.
1030 4553 1091 4615 (sa.
1107 4555 1158 4603 aa.
1176 4552 1212 4603 11.
1229 4554 1264 4605 aa.
1281 4553 1343 4616 us,
1362 4551 1436 4614 teon.
