3228 5102
759 293 779 354 9

203 501 354 582 »populus
365 497 553 560 Christianae
566 495 644 557 Eccl.
656 494 770 575 figura,
784 504 819 555 ut
831 513 902 556 vera
921 495 1012 556 etiam
1027 492 1160 557 Ecclesia
1178 494 1272 557 fuerit
1284 493 1336 578 ¹⁶),

203 623 314 683 aquam
334 605 366 664 in
384 602 510 663 latebris
528 619 616 681 saepe
634 599 817 660 mirabiliter
828 602 1053 662 conservavisse
1073 603 1162 663 docet
1175 597 1255 668 Deus
1267 601 1334 685 ”JJ’

439 763 460 846 c
482 765 510 824 a.
554 761 676 822 uaccam
697 761 734 822 so
756 760 889 823 scateat
909 719 1094 842 reportanda.

242 914 356 976 »initio
385 923 455 974 ante
484 911 590 973 foedus
615 919 721 990 paret
742 909 848 970 eadem
869 909 927 970 luit
950 910 1044 971 totius
1063 911 1169 973 mundi
1191 915 1333 980 conditio.

201 1019 323 1082 »SImul
345 1036 418 1080 vero
440 1036 474 1076 ac
496 1013 667 1075 Abrahamo
695 1013 810 1074 dictum
838 1013 911 1073 fuit:
946 1011 1006 1074 Ero
1029 1012 1108 1076 Deus
1130 1027 1201 1078 tuus
1222 1029 1334 1088 cct.,a

201 1123 348 1202 »reliquis
369 1119 513 1202 gentibus
534 1119 630 1179 divisa
652 1127 699 1178 est
721 1115 853 1177 Ecclesia
876 1116 897 1198 ¹)
905 1116 931 1185 ;''
952 1137 1027 1197 quas
1049 1137 1154 1180 omnes
1175 1120 1332 1202 hucusque

197 1236 338 1286 materno
358 1226 476 1284 foverat
498 1222 646 1301 amplexu.
689 1218 758 1281 Mox
779 1230 881 1281 autem
923 1223 1074 1302 »populns
1095 1221 1280 1286 Israeliticus
1300 1229 1333 1289 in

200 1333 300 1394 »ovile
323 1329 377 1390 Dei
398 1337 539 1407 receptus
560 1334 607 1385 est
629 1333 660 1384 et
682 1323 796 1384 abhoc
814 1325 885 1386 inde
904 1334 1041 1404 tempore
1059 1326 1193 1407 reliquae
1212 1340 1331 1410 gentes,

199 1445 365 1514 »tanquam
387 1431 518 1500 hestiae,
539 1437 720 1489 erraverunt
741 1429 772 1487 in
795 1428 918 1488 deserto
939 1426 999 1508 ²),''
1027 1439 1059 1489 et
1080 1433 1226 1492 remansit
1247 1453 1332 1514 prae·

197 1541 311 1600 clarum
341 1535 423 1596 istud
452 1533 567 1614 gratiae
592 1531 713 1594 divinae
735 1541 966 1592 monumentum
995 1531 1139 1595 lsradlitis
1164 1539 1331 1616 sepositum

198 1641 236 1702 ad
264 1640 376 1702 Christi
401 1656 498 1717 usque
523 1636 695 1696 adventum.
738 1633 824 1696 »Nisi
846 1645 919 1696 tnnc
941 1635 1017 1696 coint
1038 1635 1256 1719 Hierosolymis
1277 1640 1331 1704 Ec·

198 1747 310 1806 »clesia
328 1744 452 1811 luisset,
470 1759 634 1820 numquam
656 1737 810 1799 sacrificiis
831 1739 957 1819 aliisque
979 1742 1178 1802 caeremoniis
1198 1762 1330 1807 commu·

197 1848 350 1909 »nicasset
378 1846 515 1907 Christus
538 1842 590 1918 ²).”
640 1841 724 1903 'lunc
752 1844 874 1904 demum
903 1844 1059 1906 salutifera
1081 1845 1193 1907 Christi
1214 1851 1330 1928 appari·

196 1953 279 2012 tione
331 1948 506 2009 »Abraham
538 1946 703 2007 ascititium
735 1965 832 2027 genus
864 1965 902 2006 ex
931 1948 1070 2008 omnibus
1098 1951 1205 2012 mundi
1234 1953 1330 2033 plagis

197 2054 331 2115 »habere
360 2052 459 2132 coepit
481 2049 537 2131 113·
566 2059 597 2110 et
626 2048 759 2111 Ecclesia
781 2050 892 2111 dehinc
934 2051 1065 2112 »didusa
1086 2072 1140 2133 per
1162 2063 1262 2116 totum
1282 2074 1329 2116 or·

197 2157 288 2219 »bem
310 2157 367 2239 ε),”
409 2157 464 2216 »in
491 2153 606 2215 mundo
634 2155 744 2215 ceteris
765 2155 952 2235 permixta..
974 2157 1059 2216 nullo
1081 2167 1210 2219 externo
1231 2161 1329 2240 splen·

196 2261 292 2322 »dore
311 2261 478 2340 insignem,
496 2275 594 2338 neque
613 2257 786 2319 distinctam
805 2259 897 2318 ullam
909 2258 1064 2338 regionem
1077 2259 1191 2331 laodoit,
1207 2263 1239 2322 in
1253 2283 1329 2343 qua,

196 2375 362 2445 »tanquam
384 2365 415 2423 in
439 2363 577 2423 terrestri
610 2361 767 2441 paradiso,
797 2371 938 2422 versetur
968 2361 1018 2444 θ).”
1067 2361 1171 2425 Latuit
1199 2366 1328 2428 subinde

194 2467 326 2529 Ecclesia
359 2477 391 2527 et
412 2476 569 2526 externam
592 2465 721 2545 speciem
743 2465 897 2545 deposuit,
931 2465 1012 2545 quod
1035 2476 1196 2528 tamenne
1219 2469 1261 2529 ita
1283 2489 1328 2530 ac·

194 2573 286 2653 cipias
314 2589 403 2638 cave,
431 2569 515 2647 quasi
544 2587 598 2648 per
626 2568 807 2630 intermedia
836 2569 887 2628 illa
916 2571 1061 2649 temporis
1092 2572 1189 2651 spatia
1211 2573 1329 2634 sublata

192 2675 300 2736 luisset
322 2673 455 2734 Ecclesia
478 2682 569 2751 atque
587 2671 767 2750 interrupta.
811 2671 921 2732 Contra
940 2673 1020 2733 enim
1039 2686 1190 2736 asseverat
1209 2687 1324 2738 noster:

193 2777 363 2859 „Tempore
386 2774 504 2845 Eliae,’'
526 2785 560 2835 ut
581 2774 639 2835 hoc
661 2776 901 2855 exemplunm,
934 2778 1048 2838 »talem
1066 2779 1158 2840 fuisse
1178 2778 1328 2844 Ecclesiae

193 2883 404 2948 »vastitatem
432 2890 480 2947 ut,
495 2880 597 2939 nullus
625 2880 685 2939 iam
710 2890 881 2958 superesset
907 2878 1059 2942 Ecclesiae
1080 2895 1274 2963 conspectus,
1296 2897 1328 2946 et

192 2996 333 3054 atamen,
355 3003 449 3064 quum
471 2984 587 3044 nullum
611 2993 745 3044 exstaret
767 2984 882 3063 gratiae
907 2982 959 3044 llei
981 2986 1159 3066 vestIgium,
1181 2988 1223 3048 sic
1241 2990 1327 3068 quasi

192 3091 246 3150 »in
269 3089 429 3170 sepulchro
450 3089 573 3149 latuisse
597 3086 651 3147 Dei
673 3086 852 3156 Ecclesiam,
873 3097 908 3148 ut
930 3089 1111 3150 mirabiliter
1129 3102 1247 3152 servata
1263 3093 1327 3154 lue·

191 3193 255 3253 »rit
283 3191 332 3274 ⁷).'’
381 3189 416 3250 In
451 3189 583 3250 Ecclesia
613 3191 790 3268 praesertim
819 3187 983 3251 Israelitica
1013 3191 1144 3272 idipsum
1172 3197 1326 3259 monuisse

191 3315 448 3378 supervacaneum
469 3312 531 3354 non
552 3293 714 3355 videbatur
736 3292 771 3373 ⁸).

219 3559 250 3623 ι1)
271 3561 355 3610 Coram.
372 3558 407 3608 ad
423 3557 437 3606 1
458 3557 509 3608 Cor.
527 3557 556 3607 X.
570 3558 609 3608 11.

219 3641 249 3705 ¹⁷)
267 3643 349 3692 Praei.
366 3641 391 3690 in
407 3641 491 3690 Evasi
509 3639 553 3690 XI.
571 3639 615 3698 163
636 3640 759 3691 Commio
770 3639 836 3689 Rara
853 3637 896 3689 XI.
913 3639 942 3701 2,
960 3639 1030 3690 Hom.
1048 3638 1074 3688 io
1091 3639 1105 3688 1
1122 3639 1185 3689 Sam.
1203 3637 1271 3690 Tam.
1289 3639 1323 3693 11.

188 3745 212 3794 p.
229 3726 304 3786 477⁸,
321 3726 382 3776 Inrt.
400 3723 442 3774 IV.
461 3724 484 3774 2.
502 3724 516 3772 8
533 3725 558 3772 et
574 3722 616 3773 IV.
634 3724 658 3773 9.
676 3721 700 3774 7.

218 3809 238 3872 ¹)
259 3809 387 3860 Commio
406 3809 464 3859 Gen.
481 3806 561 3857 XVII.
579 3806 602 3860 7.

217 3893 237 3955 ²)
256 3891 293 3942 Ib.
311 3891 341 3940 cs.
360 3891 470 3941 Concita
483 3889 553 3940 Hiod.
571 3888 638 3938 Tam.
653 3885 690 3935 11.
707 3901 731 3950 p.
745 3882 781 3934 Cb.
797 3885 835 3934 De
849 3883 986 3934 Scaadals'a.
1003 3883 1070 3933 Tom.
1080 3881 1154 3932 VIII.
1173 3883 1217 3938 72⁸
1237 3885 1322 3938 amm.

187 3975 215 4025 t'n
234 3975 292 4024 Gen.
309 3972 394 4023 XLVI.
412 3973 452 4022 tl.

216 4057 237 4120 3)
255 4057 316 4106 Istat.
334 4055 376 4105 IV.
395 4056 418 4104 9.
437 4055 460 4108 7.
561 4052 581 4115 ⁴)
602 4052 686 4103 Coram.
704 4051 730 4100 io
751 4050 808 4101 Gen.
825 4048 904 4099 XVII.
922 4046 946 4100 7.

216 4139 236 4201 ⁵)
259 4141 321 4190 Vera
337 4138 402 4186 Eccl.
419 4136 465 4201 ref.
482 4139 529 4186 rat.
548 4134 615 4185 Tem.
632 4132 704 4183 VIII.
721 4131 791 4184 279¹).
809 4131 839 4182 cl.
859 4131 945 4182 Comm-
962 4130 997 4180 ad
1015 4130 1068 4180 aar.
1087 4127 1129 4179 IV.
1147 4128 1188 4179 26.

217 4221 237 4283 ⁶)
256 4221 325 4270 Hom.
343 4218 398 4268 LII.
415 4219 441 4268 in
459 4219 472 4266 1
492 4219 556 4266 Sem.
573 4215 641 4267 Tem.
658 4215 693 4266 II.
710 4229 735 4279 p.
754 4213 809 4264 228.

216 4301 236 4366 ⁷)
256 4304 342 4352 Coram.
359 4302 386 4350 in
402 4301 467 4350 Rom
486 4297 529 4348 XI.
547 4297 570 4347 2.

215 4383 236 4447 8)
254 4385 291 4434 cf.
309 4381 339 4432 ed
354 4381 416 4430 hano
434 4383 453 4442 1.
473 4381 557 4430 Comae.
575 4380 609 4430 od
625 4381 638 4429 1
659 4379 697 4430 Oe.
714 4378 735 4428 Ι.
754 4380 776 4428 1.
794 4379 818 4427 et
835 4377 848 4425 1
870 4377 949 4426 I'laeaa.
967 4373 988 4424 1.
1007 4375 1033 4434 1;
1051 4371 1170 4424 [nativ.
1188 4373 1211 4424 2.
1230 4375 1256 4435 8,
1276 4374 1319 4434 123

187 4468 259 4532 Hesp.
277 4466 312 4516 cd
326 4477 414 4516 sanan.
432 4463 498 4513 Tam.
516 4462 586 4512 VIII.
604 4479 628 4527 p.
645 4460 721 4521 lltb,
738 4457 812 4522 lldb,
831 4458 893 4518 1153
910 4458 980 4523 Bcsp.
992 4455 1028 4507 ad
1042 4455 1126 4520 confi.
1143 4456 1234 4521 amaad.
1252 4455 1319 4506 Tam.

187 4547 259 4598 VHI.
276 4564 300 4614 p.
318 4547 386 4598 309³.
