3228 5102
748 335 785 396 ll

204 521 349 602 »gloriam
371 517 575 600 quaerendam
596 517 782 599 vergat⁸⁸).'’
825 515 902 577 Hinc
920 515 1104 596 intelligitur
1121 514 1197 575 nihil
1216 514 1363 595 religio·x

204 625 265 685 sius
294 605 387 684 nohis
410 622 631 683 observandum
661 640 743 690 esse,
771 639 860 700 quam
900 618 1070 679 »doetrinae
1098 637 1241 688 examen,
1265 629 1336 700 tum

203 727 394 808 »publicum
418 736 482 786 tum
504 725 654 805 privatum
667 725 737 807 ³⁹)‚''
760 725 792 784 in
815 742 875 804 quo
895 722 969 783 haec
991 723 1105 782 trutina
1127 724 1167 783 sit
1188 743 1221 783 ac
1240 743 1336 786 amus·

202 831 256 891 sis:
300 849 383 891 »non
411 831 503 890 licere
533 827 683 889 Ecclesiae
710 829 776 908 plus
797 827 923 894 docere,
952 845 1042 905 quam
1064 825 1144 905 quod
1166 827 1260 888 verbo
1282 847 1337 890 suo

203 934 373 994 »revelavit
396 933 540 994 Dominus
552 932 624 1014 ⁴⁰);”
647 931 728 992 unde
749 941 884 997 constat.
905 931 1027 990 unicum
1046 930 1202 992 doctrinae
1220 931 1337 993 iontem

203 1055 316 1098 sacram
349 1036 529 1115 scripturam
561 1034 731 1096 hahendam
763 1034 884 1116 essen).
933 1031 1015 1093 Nihil
1046 1042 1147 1094 autem
1180 1035 1336 1096 doctrinae

202 1140 285 1201 illius
314 1139 487 1200 auctoritati
516 1138 739 1218 promovendae
765 1139 874 1198 melius
896 1137 1038 1206 inservit,
1061 1156 1150 1216 quam
1171 1157 1243 1198 usus
1264 1145 1336 1200 eote·

203 1242 321 1313 altuni,
357 1243 396 1302 de
433 1258 492 1322 quo
525 1241 567 1301 sic
596 1250 701 1302 noster
736 1241 774 1300 ad
806 1257 1046 1300 souueessrruu:
1099 1239 1236 1320 »Groyez
1267 1239 1336 1310 Mt..

203 1365 284 1426 »que
306 1345 415 1424 jamais
439 1343 552 1425 lssglise
575 1344 613 1404 de
635 1343 711 1404 llieu
733 1363 772 1404 ne
794 1362 826 1404 se
849 1361 1028 1404 conseruere
1051 1361 1119 1403 sans
1140 1342 1336 1406 Catechisme.

202 1448 265 1510 »Ce
294 1448 475 1510 catechismo
501 1447 614 1508 servire
640 1465 657 1507 a
678 1446 759 1508 deux
784 1466 907 1528 usages,
929 1447 1047 1507 asavoir
1068 1447 1336 1509 dintroduotiona

202 1562 293 1614 »tout
322 1553 351 1613 le
380 1552 504 1632 peuple,
533 1569 610 1630 pour
638 1559 706 1611 tous
735 1549 871 1631 proffiter
900 1569 915 1609 c
945 1569 978 1610 ee
1006 1568 1087 1630 quon
1116 1551 1275 1630 presehera
1305 1563 1336 1614 et

203 1655 304 1717 »aussi
326 1673 403 1735 pour
424 1655 579 1715 discernor
600 1654 625 1714 si
648 1655 777 1733 quelque
796 1663 1034 1734 presumptueux
1053 1656 1250 1716 evanvancoit
1267 1657 1336 1717 doc·

202 1760 305 1820 »trine
334 1769 476 1838 estrange
488 1757 533 1839 ⁴²).
575 1755 680 1836 Neque
710 1767 779 1817 vota
808 1766 928 1818 tantum
960 1758 1163 1837 nuncupavit,
1192 1759 1245 1820 sed
1272 1760 1336 1839 ipsc

202 1880 322 1943 quoque
350 1863 380 1922 in
410 1879 498 1921 usum
520 1858 670 1920 Ecclesiae
692 1858 876 1921 Genevensis
901 1862 1078 1940 conscripsit
1099 1861 1336 1933 catechismum,

202 1967 234 2027 in
273 1964 360 2043 cujus
388 1963 574 2043 praelatione
602 1963 640 2023 de
670 1963 840 2024 istiusmodi
879 1963 973 2024 libelli
1011 1965 1145 2025 utilitate
1184 1966 1215 2026 in
1254 1966 1336 2028 hunc

200 2069 324 2130 modum
347 2067 482 2128 disserit:
525 2066 727 2127 »Cateehismi
755 2086 843 2136 usus,
869 2068 921 2147 qui
951 2068 1066 2147 aliquot
1088 2068 1216 2130 antehac
1234 2089 1336 2132 saecu·

202 2174 262 2234 »lis
291 2171 348 2232 sub
378 2169 492 2250 Papatu
521 2169 650 2230 abolitus
677 2169 751 2239 suit,
780 2189 861 2232 nunc
890 2171 975 2250 quasi
1005 2172 1070 2234 iure
1093 2173 1268 2252 postliminii
1290 2194 1336 2236 re·

200 2276 311 2345 adeat,
333 2295 403 2336 nam
425 2293 588 2354 numquam
611 2275 684 2336 satis
715 2294 769 2355 pro
787 2276 921 2337 utilitate
942 2295 995 2337 sua
1013 2279 1218 2341 commendari
1236 2289 1336 2360 potest

201 2385 354 2440 »eoactum
376 2379 433 2440 hoc
455 2377 691 2459 destitutum*³).''

573 2641 642 2724 §a
687 2640 786 2704 cutam
807 2644 966 2706 nouare.

241 2891 397 2954 »Primum
420 2893 615 2954 statuendum
637 2902 699 2964 est,
720 2894 907 2975 spiritualem
927 2894 980 2956 Dei
1002 2899 1118 2959 cultum
1140 2917 1221 2970 esse,
1243 2919 1282 2962 ne
1305 2901 1336 2962 in

200 2996 358 3056 »externis
388 2997 435 3056 vel
464 2996 658 3065 ceremoniis,
687 2996 735 3057 vel
758 2997 823 3056 aliis
846 2995 1026 3076 quibusdam
1049 3000 1190 3080 operibus
1212 3023 1335 3085 repona-

200 3098 335 3180 »tur¹).”
368 3097 437 3160 Veri
461 3109 563 3161 autem
584 3098 638 3160 Dei
661 3100 760 3160 cultus
782 3102 999 3181 »praecipuum
1019 3103 1251 3168 fundamentum
1274 3118 1335 3178 est,

200 3199 314 3270 »Eum,
332 3203 422 3262 sicuti
440 3212 503 3272 cst,
522 3204 620 3263 omnis
638 3204 776 3272 virtutis,
794 3205 945 3274 iustitiae,
957 3207 1141 3276 sanctitatis,
1153 3211 1335 3288 sapientiae,

200 3305 375 3374 »veritatis,
394 3305 564 3385 potentiae,
580 3305 738 3376 bonitatis,
757 3307 952 3378 clementiae,
968 3309 1048 3370 vitae
1060 3319 1091 3370 et
1103 3312 1209 3374 salutis
1220 3314 1336 3376 iontem

200 3409 344 3468 »unicum
364 3424 544 3486 agnoscere,
562 3406 692 3486 ideoque
711 3406 859 3468 honorum
879 3410 1011 3470 ornnium
1028 3411 1154 3490 gloriam
1168 3411 1213 3474 llli
1226 3415 1335 3478 adscri-

199 3511 294 3572 »bere
313 3510 344 3569 in
363 3510 510 3579 solidum,
526 3511 554 3570 ei
567 3511 718 3581 tribuere,
730 3531 807 3591 quae
819 3531 889 3574 vere
902 3514 933 3573 in
947 3513 1010 3592 ipso
1021 3515 1086 3574 solo
1098 3518 1197 3578 omnia
1210 3520 1334 3583 adsunt:

200 3614 354 3693 »ideoque
372 3611 397 3670 si
416 3610 489 3690 quid
507 3610 595 3671 nobis
613 3629 688 3692 opus
706 3621 768 3682 est,
790 3613 821 3673 in
840 3615 938 3694 ipsum
956 3616 1053 3677 solum
1071 3619 1230 3697 respicere.
1260 3621 1334 3686 lude

227 3927 259 3991 ³⁸)
277 3927 362 3994 Praef.
381 3925 415 3977 ad
430 3937 522 3976 rusae.
540 3926 561 3976 Ι.
578 3927 605 3976 in
633 3926 712 3984 „lust
731 3927 774 3978 rel.
793 3927 867 3980 Ohr.''

227 4012 258 4074 ³⁹)
280 4012 363 4062 Oomm.
380 4009 416 4062 ad
432 4011 446 4059 1
465 4011 501 4061 Io.
519 4009 561 4059 IV.
580 4011 603 4061 1.
705 4011 736 4074 ⁴⁰)
754 4013 816 4064 Inet.
834 4013 877 4063 IV.
896 4014 918 4063 8.
938 4015 977 4064 15.

227 4093 259 4154 ⁴¹)
277 4094 322 4158 Ep.
339 4092 374 4142 ad
389 4104 461 4140 canu.
478 4104 560 4142 socru.
579 4093 676 4154 (numu
693 4093 715 4142 I.
730 4093 791 4143 Beil.
808 4095 843 4144 Il.
858 4096 882 4146 S.
901 4096 950 4159 58.)
974 4096 1004 4147 cf.
1024 4099 1109 4152 domm.
1131 4101 1165 4150 ad
1184 4103 1227 4156 Ito.
1246 4105 1274 4158 ll.
1294 4108 1332 4161 ll.

228 4175 260 4238 ⁴²)
277 4175 352 4224 Μὶν.
370 4190 403 4222 au
417 4178 483 4238 prot.
501 4174 531 4224 de
547 4173 636 4240 t’Anql.
657 4176 754 4237 (nunni
771 4176 806 4225 II.
823 4176 887 4228 Beil.
906 4180 930 4230 4.
948 4179 971 4229 S.
990 4180 1041 4242 34.)

228 4256 261 4319 ⁴³)
278 4255 364 4320 Praef.
386 4254 411 4302 in
435 4254 487 4306 Cat.
512 4259 570 4307 Gen.
593 4255 659 4307 Tam.
682 4256 753 4308 VIII.
775 4274 798 4324 p.
822 4257 873 4310 11⁸.
899 4259 928 4310 cl.
956 4261 1019 4311 adm
1041 4261 1075 4311 od
1094 4264 1148 4314 leet.
1170 4265 1237 4318 Tem.
1262 4268 1331 4324 VIII.

199 4354 223 4403 p.
241 4336 273 4388 12
291 4339 315 4386 ct
332 4349 353 4384 o.
370 4348 393 4384 u.
411 4347 530 4386 somnus.
554 4337 631 4403 Comp.
653 4338 696 4389 dea
719 4337 877 4390 Oate'clrismec
896 4340 927 4391 de
945 4341 1029 4404 nutu,
1049 4343 1128 4406 eata,
1145 4345 1268 4409 Heldua,
1290 4352 1332 4403 Oe·

200 4423 264 4471 tow.
282 4421 307 4468 et
324 4415 422 4467 Sauria.
440 4415 528 4467 suasu.
547 4418 620 4470 1858.
638 4436 662 4485 p.
680 4420 787 4474 27-37.

239 4500 259 4564 ¹)
276 4501 314 4550 De
331 4513 388 4548 uera
404 4499 472 4550 Eeol.
488 4499 535 4564 ref.
553 4504 600 4549 rat.
612 4500 678 4552 Tem.
689 4501 761 4553 VIII.
779 4502 848 4557 278⁸.
866 4504 896 4556 de
912 4499 954 4558 tn‘t.
970 4509 1072 4573 saperet.
1089 4507 1156 4566 Tum.
1168 4509 1243 4564 VIIl.
1259 4513 1331 4572 436¹).

198 4581 229 4632 de
244 4597 306 4634 saer.
318 4599 377 4651 pap.
396 4582 434 4635 vel
449 4583 511 4636 adm.
531 4583 568 4636 uel
583 4581 631 4648 arj.
649 4581 716 4640 Tem.
734 4585 804 4639 VIII.
819 4603 846 4656 p.
863 4586 935 4646 leet
