3228 5102
774 290 812 350 te

229 500 320 544 »nem
349 491 529 562 potestatem
556 485 634 546 Filio
662 504 734 554 suo,
760 495 796 546 ut
818 505 872 566 per
893 486 958 548 eius
978 505 1086 548 manns
1113 505 1169 548 nos
1194 489 1362 568 gubernet,

229 586 366 656 »loveat‚
395 597 562 657 sustentet,
591 588 647 650 snb
668 589 736 650 eius
757 591 852 650 tutela
874 607 928 651 nos
950 600 1106 670 protegat.
1134 590 1281 670 nobisque
1311 609 1362 652 au·
1416 621 1421 626 ·

227 690 374 752 »sinetur
391 689 460 769 ²⁹).’'
502 690 641 752 Christus
669 693 764 772 Igitur
802 694 947 754 »unicum
975 705 1065 774 caput
1098 703 1159 763 est,
1191 694 1248 756 snb
1275 695 1362 758 cuius

227 795 420 873 »principatu
442 812 546 856 omnes
567 795 720 857 internos
738 796 935 858 cohaeremus
952 798 1117 860 secundum
1136 815 1206 858 eum
1224 798 1362 862 ordinem

228 906 282 957 »et
304 916 369 958 eam
388 897 510 976 politiae
529 899 669 968 sormam,
691 919 781 979 quam
799 901 862 980 ipse
881 901 1074 981 praescripsit
1092 901 1166 980 ⁸⁰);’'
1189 920 1258 962 nam
1288 901 1361 964 »ille

229 1019 370 1080 »semper
390 1012 493 1062 manet
514 1020 672 1082 supremus
700 1004 807 1064 doctor
835 1014 866 1064 et
891 1005 972 1064 solus
993 1003 1145 1067 Ecclesiae
1167 1022 1240 1064 suae
1262 1002 1361 1064 Domi·

228 1122 321 1173 nnus,
342 1104 428 1164 cuius
449 1105 540 1164 nnius
561 1123 620 1166 vox
641 1107 783 1168 audiatur
797 1107 866 1184 ⁸¹).'²
909 1106 982 1168 Eius
1002 1126 1124 1188 quoque
1145 1125 1274 1188 regnum
1296 1115 1362 1170 tum

227 1209 400 1271 universam
421 1207 601 1279 Ecclesiam,
623 1221 688 1272 tum
709 1213 843 1292 singulos
865 1213 931 1274 eius
952 1213 1050 1274 eccles
1068 1222 1191 1292 spectat.
1223 1209 1361 1272 Christus

227 1311 378 1374 commode
398 1311 545 1373 Ecclesiae
565 1324 701 1394 praeest,
722 1334 792 1376 nam
825 1333 972 1376 »ascensu
993 1334 1049 1376 sno
1067 1315 1189 1394 quidem
1211 1313 1361 1376 visibilem

229 1417 297 1478 »sui
327 1417 526 1495 praesentiam
556 1417 644 1478 nobis
672 1418 814 1488 abstulit,
841 1419 998 1480 adscendit
1022 1429 1140 1488 tamen,
1161 1428 1197 1478 ut
1221 1418 1362 1497 impleret

229 1521 367 1588 »omnia3
399 1539 480 1582 nnnc
501 1521 596 1601 igitur
618 1540 687 1582 eum
709 1521 807 1582 adhuc
829 1532 1019 1601 praesentem
1041 1521 1133 1584 habet
1158 1521 1308 1590 Ecclesia,
1329 1529 1361 1584 et

229 1641 369 1703 »semper
390 1621 531 1684 habitura
553 1633 599 1684 est
618 1624 686 1704 ⁸¹).''
729 1622 816 1694 Quod
837 1624 917 1684 enim
940 1623 1047 1684 sedere
1068 1623 1180 1684 dicitur
1204 1623 1242 1684 ad
1264 1621 1362 1682 Patris

208 1727 402 1795 'dexteram
434 1727 637 1788 »tantundem
665 1727 697 1786 id
726 1727 821 1795 valet,
853 1727 914 1788 acsi
943 1736 1068 1788 vocetur
1100 1724 1198 1786 Patris
1226 1726 1361 1804 legatus.

228 1849 343 1910 »penes
371 1849 461 1909 quem
490 1831 529 1890 sit
552 1840 615 1892 tota
637 1831 755 1909 imperii
776 1839 920 1909 potestas:
949 1830 1020 1908 qnia
1042 1828 1123 1890 Deus
1143 1829 1275 1890 mediate
1296 1829 1362 1892 vult

228 1931 283 1992 »iu
304 1931 369 1991 eius
391 1949 518 2010 persona
540 1929 703 1992 Ecclesiam
725 1950 833 2010 regere
855 1951 889 1992 ac
911 1933 990 1992 tucri
1009 1931 1077 2012 33).”
1122 1929 1207 1993 »Hoc
1228 1931 1293 1992 eius
1316 1949 1362 1992 re·

230 2052 345 2114 »gnum
374 2051 430 2092 nee
455 2032 589 2092 locorum
611 2032 681 2092 ullis
702 2033 807 2111 spaciis
828 2033 1007 2102 limitatum,
1034 2052 1090 2094 nec
1110 2033 1181 2096 ullis
1201 2032 1362 2096 diceensiu·

229 2136 341 2200 »nibus
363 2134 637 2214 circumscriptum,
659 2135 731 2213 quin
753 2137 898 2196 virtutem
920 2154 1023 2206 suain,
1050 2136 1223 2215 ubicunque
1244 2137 1361 2215 placue-

228 2239 307 2308 nrit,
328 2240 360 2299 in
381 2238 465 2298 coelo
487 2247 519 2298 et
540 2237 572 2298 in
595 2247 676 2298 terra
698 2247 819 2300 exserat
833 2237 908 2317 ³⁴);”
930 2238 1011 2317 qnod
1033 2257 1070 2298 eo
1092 2257 1187 2317 usque
1209 2240 1305 2308 valet,
1327 2247 1362 2300 ut

228 2361 353 2402 »rernm
381 2341 515 2401 omnium
544 2341 772 2401 conversionem
801 2360 818 2400 a
847 2339 967 2401 Christo
988 2340 1054 2400 fieri
1076 2359 1162 2420 posse
1181 2341 1253 2415 ³⁵)‚’'
1280 2341 1362 2404 ultro

228 2447 360 2506 fateatur
381 2443 530 2506 Calvinus.
565 2443 643 2506 Haec
660 2454 761 2506 autem
780 2463 895 2507 summa
915 2445 946 2506 in
965 2443 1094 2506 Ecclesia
1113 2444 1250 2524 potentia
1271 2453 1362 2523 atque

228 2549 392 2610 auctoritas
410 2549 576 2610 incolumes
593 2547 713 2610 Christo
731 2547 900 2610 remanebit
918 2548 1069 2628 usquead
1087 2548 1362 2628 diemaupremum.

229 2652 313 2713 l'unc
334 2652 431 2720 enim,
464 2670 578 2731 nquum
602 2652 702 2712 omnia
724 2652 755 2712 in
777 2651 891 2712 iustum
912 2670 947 2712 ac
968 2651 1165 2730 tranquillum
1186 2660 1299 2714 statum
1316 2671 1362 2713 re·

229 2757 349 2837 »posita
371 2764 477 2825 erunt,
500 2755 598 2815 aderit
618 2755 694 2814 illud
717 2765 851 2834 tempus,
874 2773 935 2834 quo
957 2755 1057 2818 tradat
1080 2754 1218 2816 Christus
1234 2773 1363 2835 regnum

230 2860 333 2922 »Patri
353 2858 424 2938 88),”
447 2869 538 2938 atque
571 2859 724 2938 »impletis
743 2857 853 2918 Christi
876 2859 1012 2938 partibus
1034 2860 1066 2918 in
1088 2857 1239 2920 Ecclesiae
1260 2858 1363 2920 delen·

230 2965 335 3026 »none
364 2962 444 3024 Deus
469 2981 523 3042 per
545 2980 577 3022 se
599 2961 652 3022 fiac
675 2962 799 3022 unicum
819 2959 972 3024 Ecclesiae
994 2972 1084 3042 caput
1102 2963 1169 3041 37).”
1191 2985 1233 3010 -··
1252 2961 1298 3024 Ita
1319 2969 1362 3023 ta·

229 3088 300 3130 men
322 3069 495 3128 universam
517 3065 594 3126 Eccl.
617 3066 698 3146 regit
719 3065 871 3134 Christus,
893 3076 927 3126 ut
949 3067 1039 3126 simul
1061 3066 1094 3126 ic
1111 3065 1240 3144 scapulos
1257 3084 1364 3145 qnoque

229 3172 329 3253 fideles
357 3171 501 3232 virtutem
524 3188 608 3230 suam
630 3178 757 3230 exsecat.
800 3168 922 3232 Etenim
953 3171 1037 3230 esuis
1058 3188 1176 3250 semper
1197 3169 1299 3238 adest,
1321 3169 1363 3231 vi-

231 3288 315 3339 ttam
344 3275 416 3355 ipsis
438 3291 523 3336 suam
548 3273 699 3352 inspirans
721 3273 752 3334 ln
775 3273 812 3332 iis
834 3272 925 3342 vluit,
947 3291 1000 3332 cos
1021 3273 1168 3341 suetiam,
1188 3271 1363 3342 confirmat,

232 3388 392 3459 evagatae,
421 3387 580 3440 conservat
601 3378 782 3445 incolumes,
811 3394 873 3436 non
894 3395 981 3438 secus
1002 3377 1061 3436 acsi
1082 3393 1207 3457 corpore
1230 3375 1362 3438 adesset:

231 3483 327 3562 »quin
354 3483 486 3562 denique
515 3502 570 3544 suo
597 3482 691 3562 ipsius
718 3498 843 3561 corpore
865 3499 917 3542 eos
939 3481 1049 3560 pascit,
1074 3481 1159 3540 cuius
1179 3479 1363 3542 communic

232 3605 324 3650 »nem
346 3587 471 3667 spiritus
489 3587 535 3648 sui
554 3587 668 3647 virtute
686 3585 717 3646 in
736 3603 787 3646 eos
806 3584 992 3650 transfundit
1004 3584 1072 3666 ⁸⁸),'’
1094 3593 1130 3646 ut
1147 3583 1232 3646 breri
1250 3583 1363 3650 dicam.

259 3868 290 3931 a)
310 3867 370 3920 rna
388 3867 422 3918 11.
441 3866 481 3918 ιι.
500 3864 523 3916 e.
542 3864 571 3916 or.
583 3863 624 3916 Π.
643 3864 682 3914 15.
701 3865 724 3914 a.
744 3861 828 3915 emm.
846 3864 881 3914 aa
898 3864 910 3913 1
932 3863 970 3915 co.
987 3863 1038 3914 xv.
1056 3863 1099 3924 ca,
1119 3863 1158 3914 as.

258 3951 290 4015 ³⁰)
308 3952 370 4006 Ima.
387 3950 430 4000 rr.
449 3950 471 4000 s.
490 3949 515 4000 s.

259 4033 291 4096 31)
307 4035 383 4090 Brea.
392 4033 440 4098 fid.
457 4031 522 4097 cons.
530 4029 608 4096 som.
626 4027 694 4084 Tora.
711 4028 782 4081 vm.
800 4027 853 4080 915.
871 4028 902 4078 ci.
920 4028 1006 4082 coam.
1025 4029 1039 4080 l
1059 4029 1099 4080 Oe.
1115 4026 1165 4080 III.
1183 4025 1223 4077 22.

259 4115 291 4178 3ι)
311 4117 370 4164 ma
389 4115 431 4164 1v.
451 4116 473 4164 c.
492 4115 532 4164 10.
550 4114 579 4164 ef.
598 4113 632 4164 11.
651 4113 691 4162 rc.
711 4114 726 4163 a
744 4115 768 4162 et
787 4113 872 4166 cam.
888 4099 924 4164 ac
938 4113 999 4178 raa.
1016 4113 1040 4162 1.
1057 4109 1097 4162 ct.

259 4197 291 4258 83)
310 4198 371 4246 nea
388 4197 424 4247 11.
442 4198 482 4246 15.
501 4199 524 4247 s.
543 4197 572 4246 a.
590 4195 632 4246 iv,
652 4196 692 4249 ιι.
712 4196 751 4246 1s.

258 4278 291 4340 34)
312 4283 370 4330 ma
388 4279 430 4330 av,
449 4278 489 4332 rt.
508 4280 548 4330 rs.
566 4279 594 4330 oc
614 4280 687 4330 rna.
705 4279 759 4330 an.
777 4275 1026 4328 inaurentur.
1044 4273 1115 4328 seth.
1217 4320 1220 4327 .

146 4405 148 4412 ,
259 4359 290 4421 ³⁵)
314 4359 376 4410 Vera
393 4360 456 4410 Eccl.
473 4360 519 4425 ref.
536 4364 584 4410 ret.
601 4360 667 4410 Tem.
685 4360 757 4410 VIII.
774 4357 845 4410 esch.
945 4359 977 4421 86)
998 4361 1084 4412 Cenem.
1100 4357 1166 4412 adl
1186 4356 1225 4414 00·
1243 4355 1296 4411 XV.
1312 4353 1353 4410 25.

259 4439 291 4502 ³⁷)
310 4443 370 4491 leret.
388 4440 423 4491 II.
441 4442 482 4492 15.
501 4441 523 4493 5,
542 4441 571 4492 cf.
589 4443 672 4494 Prael.
690 4443 721 4499 dd
739 4443 766 4498 is
782 4442 845 4498 Dan.
863 4440 929 4501 Eum.
949 4439 976 4490 V.
996 4439 1066 4494 107¹).

259 4521 290 4589 ³⁸)
310 4525 371 4575 lact.
388 4522 431 4576 IV.
450 4523 490 4578 17.
508 4523 548 4576 18ι
567 4522 596 4574 ci.
614 4523 696 4580 frast.
713 4524 747 4578 Η.
764 4524 791 4574 r'tt
806 4523 871 4576 Dru.
888 4523 956 4575 Tem.
972 4521 1002 4574 V.
1020 4519 1075 4576 tea
