3240 5100
734 315 795 378 {79

199 523 294 575 tatem
322 531 445 585 eorum,
471 516 523 596 qui
552 516 674 578 Christo
700 517 829 580 Domino
857 528 962 580 nostro
990 527 1169 598 perpetuum
1198 518 1331 579 testimo·

198 619 283 679 nium
312 619 466 698 praebent.
487 655 527 666 -—
548 621 689 683 Calvinus
717 623 813 704 igitur
844 621 1012 692 Ecclesiae,
1040 624 1150 703 quippe
1181 621 1332 691 instituti,

199 722 429 810 fundamentum
459 725 592 787 divinam
624 727 791 787 doctrinam
824 746 889 788 esse
918 728 1040 797 statuit,
1072 745 1160 806 quam
1189 727 1221 786 in
1249 745 1332 786 sacra

200 827 347 905 scriptura
369 827 511 908 deposuit
531 827 629 898 Deus,
650 829 731 890 unde
753 831 892 910 sequitur
909 826 1080 898 vinculum,
1101 845 1161 908 quo
1182 825 1332 889 Ecclesiae

201 931 272 990 socii
291 932 323 991 in
342 951 437 992 unum
456 933 683 1013 coniunguntur
698 952 819 1013 corpus,
840 931 917 994 nihil
936 933 1115 1003 aliudesse,
1137 951 1227 1011 quam
1242 931 1334 992 fidem

201 1033 356 1096 doctrinae
374 1037 417 1096 illi
435 1038 626 1117 praestitam,
644 1041 661 1099 a
684 1036 777 1098 Lasco
799 1047 904 1098 contra
925 1037 1090 1107 Ecclesiae,
1112 1039 1223 1117 quippe
1241 1036 1333 1096 socie·

201 1137 287 1207 tatis,
314 1157 374 1217 quo
395 1141 599 1211 coadunetur,
628 1156 802 1223 compagem
823 1141 1059 1223 deprehendisse
1080 1141 1139 1202 sibi
1160 1141 1282 1202 videtur
1303 1139 1335 1199 in

201 1242 265 1320 ipso
287 1241 422 1314 Christo,
445 1246 530 1305 cuius
551 1245 674 1325 spiritus
694 1245 797 1307 divina
823 1265 877 1307 sua
898 1247 1012 1308 virtute
1041 1247 1209 1314 necessarie
1231 1255 1335 1304 conso·

202 1345 281 1405 ciarc
293 1361 358 1406 eam
370 1347 462 1408 debet
474 1360 565 1428 atque
577 1350 761 1430 coniungere
773 1330 919 1412 inunum.
931 1385 972 1396 -
986 1349 1127 1412 Calvinus
1142 1366 1232 1430 porro
1252 1347 1336 1408 theod

201 1449 289 1529 loges
317 1446 468 1513 Ecclesiae
496 1453 577 1514 hunc
599 1471 615 1512 a
638 1453 701 1514 Deo
728 1455 858 1515 inditum
888 1473 953 1515 esse
982 1454 1073 1514 finem
1104 1455 1273 1522 existimat,
1301 1460 1336 1512 ut

203 1549 256 1612 lter
285 1554 392 1614 maiori
421 1556 534 1636 gloriae
564 1558 788 1637 promovendae
815 1559 951 1639 inprimis
976 1560 1135 1637 inserviat,
1164 1559 1337 1636 electosque

203 1673 240 1716 eo
262 1667 381 1720 tantum
403 1671 491 1740 pacto
513 1673 637 1722 aeterna
658 1661 729 1722 beet
750 1664 860 1732 salute,
882 1663 963 1743 quod
985 1655 1075 1724 docili
1098 1653 1200 1723 animo
1220 1673 1251 1722 et
1273 1661 1338 1722 abs·

203 1779 261 1840 que
285 1763 366 1822 omni
388 1765 639 1844 tergiversatione
661 1767 763 1827 divina
785 1768 930 1847 mysteria
949 1785 1015 1827 cum
1034 1765 1095 1828 fide
1114 1777 1145 1827 et
1162 1775 1341 1826 reverenter

203 1867 371 1946 excipiant:
399 1883 492 1948 quum
508 1879 617 1930 'eontra
640 1873 657 1930 a
680 1869 775 1931 Lasso
802 1871 884 1931 hunc
906 1869 1056 1932 Ecclesiae
1079 1870 1171 1931 linem
1194 1889 1259 1931 esse
1281 1877 1340 1928 sta·

206 1970 279 2040 tuit,
302 1982 337 2031 nt
354 1973 419 2032 cius
438 1973 511 2033 socii
523 1971 554 2033 i'n
566 1974 631 2034 dies
645 1976 743 2055 magis
759 1976 978 2036 communionis
996 1995 1063 2036 cum
1080 1973 1200 2036 Christo
1213 1973 1340 2034 Domino

204 2085 307 2135 nostro
326 2073 401 2136 liant
419 2077 594 2157 participes,
613 2079 710 2138 donec
728 2079 903 2140 universum
922 2080 1086 2158 aliquando
1101 2078 1275 2140 mortalium
1291 2095 1341 2157 ge·

137 2235 141 2240 .
204 2195 262 2242 nus
291 2181 401 2242 intimo
428 2183 537 2242 amoris
565 2176 686 2244 vinculo
714 2203 782 2244 cum
812 2183 932 2244 Christo
961 2185 1161 2264 conglutinati
1185 2184 1223 2244 ad
1246 2181 1341 2242 Deum

108 2331 114 2335 .
205 2285 333 2345 reduces
361 2295 516 2346 aeternam
545 2288 673 2348 salutem
713 2287 925 2366 adipiscantur.
947 2319 987 2332 --
1012 2287 1153 2348 Calvinus
1182 2285 1342 2365 theologus

205 2385 385 2460 Ecclesiam,
413 2391 524 2470 quippe
545 2391 719 2452 institutum
742 2401 919 2461 externum,
948 2392 1051 2452 adesse
1074 2391 1180 2459 docet,
1208 2389 1343 2448 simulat·

206 2507 263 2570 que
286 2493 371 2554 verbi
400 2496 602 2556 ministerium
633 2503 663 2556 et
686 2506 942 2556 sacramentorum
969 2495 1191 2556 administratio
1213 2495 1271 2553 rite
1293 2509 1343 2572 pe·

205 2607 362 2675 reguntur.
406 2597 533 2660 Easdem
566 2615 685 2678 quoque
718 2610 806 2660 notas
838 2601 854 2658 d
885 2599 979 2660 Lasco
1010 2599 1156 2678 requirit,
1188 2597 1241 2657 sed
1270 2611 1343 2657 vcro

205 2711 297 2779 nogat
325 2699 489 2760 Ecclesiam
517 2701 638 2770 adesse,
666 2701 719 2761 ubi
747 2701 833 2762 deest
861 2703 1034 2781 disciplina,
1064 2703 1144 2761 vitae
1173 2699 1343 2760 sanctitatis

206 2803 317 2866 vindex
346 2813 436 2883 atque
465 2805 594 2874 fautrix,
627 2805 685 2864 nisi
715 2804 790 2864 fides
819 2807 857 2866 sit
887 2806 1062 2884 conspicua,
1094 2816 1125 2865 et
1154 2803 1225 2864 socii
1250 2803 1345 2882 ipsius

205 2907 279 2967 ferti
310 2907 413 2968 animo
444 2907 603 2968 Dominum
636 2927 724 2968 suum
756 2907 966 2968 confiteantur.
994 2937 1035 2953 u-
1063 2906 1178 2967 Calvini
1211 2904 1344 2964 Ecclesia

207 3006 374 3070 doctrinale
390 3011 577 3081 institutum
597 3009 680 3072 Lasci
698 3013 818 3072 moralis
833 3013 961 3072 societas
976 3013 1076 3092 potius
1088 3020 1134 3070 est
1145 3009 1293 3069 habenda.
1304 3041 1344 3052 -

207 3113 322 3176 Calvini
344 3109 477 3176 Ecclesia
498 3135 558 3175 una
581 3125 641 3184 est,
663 3116 773 3195 quippe
795 3116 885 3175 unius
907 3115 1027 3176 divinae
1050 3115 1206 3175 doctrinae
1228 3113 1344 3174 conses-

208 3217 292 3278 sione
315 3235 438 3279 concors
467 3227 557 3298 atque
587 3219 752 3287 unanimis;
782 3217 868 3278 Lasci
897 3216 1029 3278 Ecclesia
1058 3237 1118 3278 una
1147 3227 1193 3278 est
1217 3216 1343 3276 fraterni

209 3323 319 3383 amoris
342 3322 460 3382 vinculo
488 3322 520 3381 in
548 3337 643 3380 unum
672 3338 781 3400 corpus
808 3320 987 3380 consociata.
1008 3355 1048 3364 -
1069 3319 1184 3380 Calvini
1211 3317 1343 3378 Ecclesia

208 3445 307 3506 neque
330 3435 432 3486 saneta
454 3435 516 3494 est,
537 3443 636 3503 neque
658 3435 760 3484 saneta
782 3423 891 3484 evadet
913 3415 1061 3502 unquam,
1083 3425 1224 3502 quoniam
1246 3441 1342 3502 usque

210 3529 247 3590 ad
269 3545 442 3610 supremum
465 3528 611 3589 iudicium
633 3547 701 3588 curn
724 3528 829 3588 electis
847 3528 1000 3587 commixti
1020 3527 1173 3607 reprobati
1191 3528 1220 3586 in
1244 3525 1344 3587 Eccle-

210 3635 253 3694 sia
275 3633 486 3695 versabuntur.
529 3631 613 3692 Lasei
641 3642 746 3693 eontra
776 3630 908 3692 Ecclesia
938 3643 1040 3693 saneta
1065 3633 1188 3711 quidem
1209 3631 1344 3690 neudum

210 3749 272 3808 cst,
301 3738 355 3798 sed
384 3755 456 3798 vero
485 3738 605 3797 assiduo
627 3737 803 3816 disciplinae
826 3755 882 3796 usu
905 3747 1007 3796 sancta
1033 3736 1194 3816 aliquando
1216 3735 1345 3795 evadere

210 3841 330 3921 poterit.
352 3869 392 3889 -e
415 3843 465 3900 Est
487 3841 601 3902 Caluini
631 3841 760 3902 Ecclesia
788 3841 827 3901 ab
851 3858 953 3902 errore
980 3859 1088 3910 vacua,
1118 3841 1253 3918 adeoque
1282 3837 1345 3898 salli

210 3963 271 4006 non
294 3955 409 4025 potest,
432 3963 523 4024 quom
547 3965 563 4007 c
585 3946 738 4006 contrario
759 3948 775 4004 a
798 3943 893 4005 Lasco
909 3943 1059 4005 humanae
1078 3941 1293 4003 imbecillitatis
1314 3941 1347 4000 in

213 4049 341 4109 Ecclesia
363 4050 544 4110 delineanda
565 4069 683 4110 memor
703 4050 761 4115 suit
784 4067 910 4129 semper.
932 4083 972 4094 -
994 4047 1108 4108 Statuit
1136 4045 1231 4126 igitur
1252 4045 1346 4105 Calvi·

211 4171 270 4212 nus
299 4161 385 4213 cntra
422 4151 570 4212 Ecclesiae
603 4151 753 4232 gremium
785 4152 899 4210 nullam
931 4169 995 4211 esse
1032 4151 1175 4218 salutem,
1208 4163 1302 4228 quum
1329 4147 1346 4205 a

211 4255 305 4318 Lasco
327 4257 365 4317 de
387 4257 425 4316 iis
446 4273 582 4335 quoque,
612 4257 663 4334 qui
693 4255 842 4316 Ecclesiae
864 4254 1075 4314 communione
1098 4253 1237 4340 destituti
1260 4259 1347 4320 sunt,

212 4371 354 4422 aeternae
383 4360 488 4420 salutis
517 4377 599 4438 spem
625 4359 775 4420 sustinere
798 4377 887 4418 ausus
909 4367 962 4418 est.
1005 4357 1119 4419 Caluini
1142 4357 1273 4434 denique
1296 4355 1347 4415 Ec·

135 4517 137 4522 ,
211 4465 301 4524 clesia
323 4463 544 4524 Catholicitalis
565 4462 687 4541 quidem
709 4481 819 4523 nomen
842 4480 913 4542 prae
938 4481 970 4521 se
991 4462 1066 4530 sert,
1095 4477 1200 4540 reapse
1230 4469 1346 4528 tamen,

212 4568 237 4628 si
266 4582 342 4647 quae
372 4567 445 4636 alia,
473 4567 664 4646 particularis
685 4565 824 4628 habenda
845 4577 907 4637 est,
937 4585 1029 4646 quum
1056 4576 1160 4626 contra
1187 4562 1272 4625 Lasei
1294 4561 1348 4623 Ec·

1164 4667 1203 4706 ια·
