3228 5102
840 293 879 354 32

289 515 380 558 »cere
409 495 576 576 praedicari
605 503 636 555 et
665 493 780 563 audiri,
809 493 861 554 ubi
883 501 1070 554 sacramenta
1091 513 1129 554 ex
1151 493 1262 554 Christi
1282 493 1425 555 instituto

288 599 515 661 »administrari
544 599 698 668 videmus,
726 599 788 658 illic
817 599 948 677 aliquam
977 596 1031 658 Dei
1053 595 1217 660 Ecclesiam
1238 617 1320 668 esse,
1340 599 1424 659 nullo

288 704 400 764 »modo
428 701 643 782 ambigendum
671 711 717 763 est
740 700 789 783 8).”
832 701 919 772 Quod
948 711 1050 763 tamen
1072 702 1160 773 dicit,
1186 721 1317 783 »purum
1339 701 1424 764 verbi

287 807 512 868 »ministerium
541 815 572 870 et
601 825 710 886 purum
739 807 770 866 In
800 807 995 867 sacramentis
1021 806 1210 868 celebrandis
1230 807 1340 875 ritum,
1361 806 1424 867 ido·

287 929 400 972 »neum
423 929 489 970 esse
511 911 622 990 pignus
640 921 672 970 ct
690 909 908 980 arrhabonem,
930 919 964 970 ut
985 921 1051 972 tuto
1069 912 1217 990 possimus
1234 913 1424 981 societatem,

287 1015 342 1076 tin
363 1034 422 1093 qua
433 1025 598 1092 utrumque
611 1013 781 1083 exstiterit,
799 1032 855 1093 pro
871 1012 1006 1074 Ecclesia
1025 1015 1202 1094 amplexari;
1225 1034 1320 1095 usque
1339 1035 1376 1076 eo
1393 1015 1425 1076 id

288 1119 407 1188 avolet,
438 1127 471 1177 ut
500 1135 649 1196 nusquam
679 1115 848 1178 abiicienda
871 1118 925 1186 sit,
952 1118 1087 1196 quandiu
1108 1120 1139 1178 in
1162 1119 1220 1178 illis
1241 1119 1424 1198 perstiterit,

286 1221 427 1282 »etlamsi
459 1221 564 1280 multis
600 1221 712 1299 alioqui
745 1221 828 1282 vitiis
857 1230 970 1282 scateat
992 1221 1041 1302 4·).”
1083 1221 1173 1283 Videt
1202 1223 1424 1303 unusquisque,

286 1344 376 1404 quam
399 1325 522 1404 egregie
544 1322 593 1382 hic
616 1342 736 1404 quoque
759 1335 863 1384 nostra
889 1325 1087 1387 confirmetur
1105 1326 1246 1394 assertio,
1268 1327 1425 1386 ecclesiam

285 1428 400 1490 Calvini
429 1437 540 1488 natura
567 1445 620 1486 sua
646 1427 845 1488 doctrinalem
867 1429 981 1508 potius,
1010 1448 1099 1507 quam
1121 1431 1264 1490 moralem
1287 1449 1351 1491 esse
1373 1429 1424 1490 ha·

285 1533 423 1594 bendam.
457 1531 496 1592 Ut
518 1529 650 1592 Ecclesia
673 1532 765 1600 adsit,
787 1532 963 1612 incorrupta
982 1533 1149 1611 requiritur
1167 1533 1323 1594 doetrinae
1341 1553 1424 1614 prae·

284 1636 396 1696 dicatio
418 1645 450 1696 et
470 1653 565 1715 purus
587 1633 641 1694 Ilei
663 1636 779 1703 cultus,
802 1637 855 1695 »in
878 1635 958 1696 vitae
981 1646 1082 1696 autem
1104 1637 1331 1716 imperfectione
1350 1639 1424 1698 tole·

287 1739 404 1799 »randa
425 1740 523 1799 multo
545 1738 666 1818 longius
688 1739 852 1818 procedere
875 1739 1065 1820 indulgentia
1084 1751 1186 1800 nostra
1205 1740 1298 1800 debet
1316 1741 1371 1822 5),”
1392 1743 1424 1801 in

285 1843 394 1924 quihus
417 1843 517 1904 verbis
540 1841 695 1902 doetrinae
718 1843 883 1922 puritatem
904 1844 1058 1904 sanctitati
1086 1862 1204 1905 morum
1234 1846 1424 1924 aliquatenus

285 1948 393 2007 saltem
415 1947 575 2026 anteponi,
603 1947 797 2006 manifestum
820 1957 874 2007 est.
919 1947 1014 2016 Quam
1037 1950 1219 2008 sententiam
1241 1950 1272 2009 in
1294 1968 1330 2009 ec
1352 1969 1424 2029 quo-

285 2070 344 2130 que
373 2050 646 2130 deprehendimus,
668 2052 750 2130 quod
772 2051 880 2111 nullibi
903 2051 983 2130 apud
1005 2062 1141 2111 nostrum
1163 2052 1336 2131 disciplinae
1356 2072 1425 2114 ocos

285 2155 365 2215 intcr
384 2152 534 2214 Ecclesiae
553 2163 642 2214 notas
660 2163 868 2223 recenseatur;
891 2172 960 2214 narn
994 2155 1038 2214 »si
1057 2153 1106 2213 hic
1126 2155 1200 2214 ordo
1218 2156 1308 2216 alicui
1325 2154 1424 2216 Eccle-

286 2259 369 2318 »siae
388 2257 483 2327 desit,
502 2258 758 2338 imperfectiorem
776 2277 843 2318 eam
862 2267 893 2318 et
912 2277 1003 2337 prava
1020 2259 1138 2318 macula
1157 2267 1292 2318 notatam
1305 2278 1371 2320 esse
1383 2259 1424 2341 ο)”

285 2362 438 2432 concedit,
460 2363 536 2424 »sed
558 2382 619 2424 nou
642 2381 679 2423 eo
703 2363 804 2423 minus
822 2380 876 2441 pro
895 2362 1021 2422 ecclesia
1036 2361 1302 2442 ipsamhabeodom
1314 2384 1348 2424 ac
1359 2381 1424 2443 per·

287 2467 446 2528 sistendum
474 2487 538 2528 esse
568 2468 599 2526 in
630 2468 695 2527 eius
724 2467 937 2526 communione
956 2465 997 2546 ὅγ’
1026 2467 1142 2526 statuit.
1184 2465 1223 2526 Et
1244 2486 1316 2527 sane
1338 2477 1425 2527 extra

287 2571 523 2631 controversiam
545 2571 616 2650 poni
639 2580 754 2650 potest,
776 2588 837 2629 non
860 2579 980 2629 tantum
1002 2571 1208 2650 praecipuam,
1230 2571 1283 2632 sed
1306 2572 1425 2631 unicam

288 2675 352 2736 fere
381 2683 500 2743 notam,
531 2694 589 2753 qua
619 2674 777 2754 insignivit
806 2672 969 2733 Ecclesiam
999 2672 1155 2748 Calvinus,
1183 2673 1331 2734 doetriooc
1359 2692 1424 2735 esse

288 2779 558 2859 praedicationem;
582 2779 716 2858 apertius
734 2778 832 2846 enim,
854 2796 943 2857 quam
962 2795 1031 2846 nos,
1056 2796 1140 2838 suam
1159 2779 1222 2857 ipse
1241 2779 1423 2838 sententiam

287 2881 336 2942 his
366 2881 466 2944 verbis
492 2883 628 2942 elocutus
656 2892 717 2942 est:
758 2879 861 2960 »Ergo
891 2880 1063 2960 ubicunque
1091 2892 1233 2961 personat
1263 2901 1337 2961 pura
1366 2899 1425 2942 vox

290 2983 485 3065 »Euangelii
507 2985 560 3045 uhi
583 2985 614 3045 in
637 2985 703 3046 cius
725 2984 910 3064 professione
931 2995 1056 3045 manent
1077 2984 1230 3054 homiues,
1251 2985 1304 3046 ubi
1326 2985 1357 3045 iu
1379 3003 1425 3044 or·

289 3088 431 3148 »dinario
463 3090 530 3150 eius
564 3089 671 3150 auditu
700 3090 738 3149 ad
767 3089 934 3169 profectum
964 3107 995 3148 se
1024 3100 1182 3158 exercent,
1210 3089 1272 3149 illic
1300 3088 1424 3149 Indubie

290 3190 445 3252 »Ecclesia
481 3202 527 3252 est
539 3238 624 3253 .....
676 3191 731 3252 Hic
764 3194 844 3254 eninr
877 3194 936 3253 erit
969 3191 1083 3252 status”
1113 3191 1245 3272 (nostrae
1281 3210 1320 3252 sc.
1355 3209 1424 3252 cum

289 3294 529 3356 Romanensibus
551 3297 802 3376 controversiae):
844 3297 907 3357 »An
929 3296 1085 3357 doetrinae
1107 3297 1271 3376 puritatem
1292 3297 1425 3357 retinue-

291 3400 391 3467 »rint,
413 3419 429 3460 a
451 3419 510 3479 qua
531 3419 593 3460 non
614 3401 715 3460 minus
737 3402 841 3479 procul
862 3400 990 3469 absunt,
1012 3419 1100 3478 quam
1123 3401 1212 3460 inferi
1235 3419 1251 3460 a
1273 3402 1424 3462 coelo...

291 3502 403 3564 »Nobis
421 3513 536 3572 tamen,
559 3513 594 3562 ut
612 3503 689 3571 dixi,
712 3504 833 3563 inanem
851 3505 939 3564 istam
958 3505 1071 3564 larvam
1090 3504 1213 3583 impune
1232 3514 1426 3566 contemnere

291 3607 432 3676 »licebit3
454 3607 700 3686 quandoquidem
723 3605 771 3686 Sp.
794 3605 882 3667 Sctus
904 3607 1100 3687 pronunciat,
1122 3607 1158 3666 oli
1181 3606 1235 3668 froc
1256 3613 1324 3668 noto
1341 3624 1426 3686 prae·

331 3887 351 3950 ³)
370 3887 484 3938 Insttv.
503 3887 525 3937 1.
544 3888 567 3936 9.
585 3887 614 3936 cf.
632 3885 665 3938 ib.
682 3886 724 3937 IV.
742 3887 765 3941 7.
784 3887 806 3946 8,
825 3888 848 3938 9.

332 3967 352 4032 ⁴)
369 3971 429 4020 luat.
453 3969 495 4020 IV.
519 3969 541 4020 1.
561 3969 600 4018 12.
622 3970 651 4020 cf.
673 3981 785 4020 utusuu.
804 3968 855 4020 o.l.
872 3983 896 4032 p.
915 3967 954 4018 88.
976 3966 1230 4019 murannimal.
1250 3983 1275 4032 p.
1293 3969 1349 4018 148.
1367 3981 1425 4018 con·

291 4051 376 4103 amun.
394 4068 415 4102 o.
427 4050 444 4102 l.
460 4067 484 4117 p.
502 4052 526 4106 7.
538 4064 635 4102 unsnu.
652 4067 673 4104 ο,
685 4051 703 4102 l.
720 4066 743 4116 p.
758 4051 798 4100 23.
815 4062 942 4098 sonuum.
961 4065 982 4097 c.
994 4048 1011 4098 l.
1027 4048 1113 4112 p.132
1130 4051 1154 4097 et
1170 4049 1281 4098 novum
1298 4066 1320 4099 o.
1332 4049 1348 4100 l.
1366 4067 1390 4115 p.
1404 4052 1426 4102 5.

331 4133 351 4196 ⁶)
371 4135 431 4184 lact.
449 4134 491 4184 IV.
510 4135 533 4186 1.
552 4135 592 4184 13.
611 4135 640 4186 ef.
660 4139 733 4186 lustr.
751 4134 805 4185 ado.
823 4135 941 4199 Anabapt.
959 4133 1026 4184 Tum.
1043 4133 1114 4186 VIII.
1131 4150 1155 4198 p.
1174 4134 1231 4187 359.
1247 4138 1271 4184 et
1287 4147 1425 4185 scuuuuun

294 4233 315 4268 o.
328 4217 346 4268 I.
363 4216 412 4268 III.
431 4235 454 4283 p.
473 4217 530 4269 229.

332 4299 352 4362 8)
373 4301 445 4351 Imtr.
468 4301 522 4351 ado.
545 4300 664 4365 Anabapt.
686 4299 753 4349 Tam.
777 4297 847 4348 VIII.
873 4295 944 4348 359¹).
971 4299 1000 4348 cf.
1026 4299 1051 4346 et
1078 4297 1153 4358 ttob;
1178 4301 1240 4349 Inrt.
1264 4299 1306 4350 IV.
1330 4301 1427 4352 1211.

292 4382 391 4433 Erravit
408 4382 485 4445 igitur
502 4381 538 4433 Cl.
551 4395 630 4441 uesta,
648 4381 690 4446 qui
702 4381 790 4431 diserta
801 4380 925 4429 annotavit
938 4380 965 4429 in
984 4381 1040 4436 „Eat
1059 4381 1210 4446 Dopmotile.”
1222 4381 1259 4434 ed.
1276 4385 1310 4434 5¹.
1328 4383 1352 4433 S.
1367 4383 1428 4433 3452

294 4463 365 4523 „und
380 4465 442 4514 nocie
459 4466 621 4514 Catvtntacter
638 4462 813 4514 Beeonderltcit
830 4479 862 4511 an
885 4462 929 4511 der
950 4463 1047 4512 rechten
1071 4463 1272 4516 KtrctenaeucttJ’
1302 4466 1356 4530 Ipse
1373 4465 1428 4515 uul-

293 4545 346 4595 lum
365 4561 378 4594 e
399 4544 465 4597 Oalv.
483 4560 528 4598 scr.
546 4545 633 4597 citavit
649 4543 741 4606 locum,
759 4544 801 4594 sed
816 4546 930 4608 provocat
946 4543 977 4594 ad
993 4548 1040 4595 art.
1058 4543 1099 4596 29.
1118 4547 1189 4611 Cous.
1205 4547 1275 4612 Bclq.
