3228 5102
301 471 386 522 emec
403 469 438 524 11.
473 468 570 521 Cdrini
595 469 625 521 de
645 467 753 521 Ecclesia
779 468 911 533 sententia,
936 467 1032 535 qualem
1056 467 1137 535 prodit
1163 483 1188 519 se
1214 469 1241 520 in

334 537 411 604 ipsius
433 537 461 588 in
482 537 589 588 Ecclesia
612 537 699 590 Gener.
717 539 803 603 agendi
820 539 914 588 ratione
932 571 1240 589 .............
1274 535 1383 591 86-97.

337 621 390 680 §L
416 619 452 669 De
477 618 597 668 Ecclesiae
622 619 728 671 notione.
764 620 816 681 §2.
843 619 880 669 De
903 619 944 668 via
967 634 994 668 ac
1019 617 1125 677 ratione,
1154 616 1242 682 quibus

335 685 445 736 Ecclesia
464 689 581 752 operatur.
616 688 628 746 §
647 685 670 735 3.
694 687 731 736 De
747 686 870 736 Ecclesiae
885 685 1011 750 regimine.
1045 686 1098 746 54.
1119 684 1241 736 Ecclesiae

336 753 422 802 relatio
438 753 468 802 ad
486 769 537 802 rem
553 752 686 818 politicam.
703 781 737 790 -
755 753 890 804 Conclusio.

304 834 429 885 Conclusio
446 835 527 884 Partis
543 835 557 883 Ι
558 869 1241 888 ............................
1260 834 1300 884 98.

237 928 343 978 Palas
361 929 401 976 ll.
435 924 571 990 Exponitur
592 923 616 976 J.
634 923 648 972 d
664 924 738 974 Lasco
756 925 785 974 de
802 924 910 974 Ecclesia
927 923 1066 974 sententia.
1090 959 1222 976 ......
1242 923 1384 978 101-174.

271 1011 458 1129 Pmprponepda3
488 1014 517 1064 ds
545 1013 664 1072 fontibus,
693 1013 756 1062 unde
781 1011 901 1062 Ecclesiae
929 1011 1043 1061 notitiam
1070 1009 1228 1060 hauriendam
1244 1077 1291 1127 1⁰1

305 1094 407 1128 sanem
439 1117 447 1133 .
471 1113 1226 1132 ...............................
1295 1113 1302 1128 .

306 1159 392 1209 Carus
409 1160 430 1212 I.
463 1161 500 1211 De
516 1160 635 1210 Ecclesiae
652 1160 743 1225 origine
760 1164 831 1227 atque
847 1160 950 1210 historia
971 1195 1227 1212 ...........
1245 1160 1386 1212 106-110.

341 1246 353 1304 5
371 1245 393 1292 1.
411 1244 448 1293 De
464 1243 585 1294 Ecclesiae
600 1247 702 1294 auctore.
733 1245 776 1305 52.
794 1245 875 1308 aquo
889 1242 1142 1310 indetemporeEccl.
1155 1242 1228 1292 exsti-

341 1311 407 1366 terit.
432 1312 476 1372 53.
494 1310 599 1360 Ubinam
614 1311 647 1360 sit
660 1311 769 1370 Ecclesia
783 1311 929 1376 reperiunda.
942 1339 975 1348 -
984 1310 1092 1372 Historia
1100 1309 1228 1377 Ecclesiae.

308 1391 394 1448 Garun
410 1393 446 1444 II.
480 1393 516 1456 De
533 1393 654 1444 Ecclesiae
671 1395 767 1444 notione
790 1429 796 1446 .
820 1428 1002 1448 ........
1010 1423 1012 1426 ·
1021 1427 1227 1448 .........
1246 1391 1389 1460 llo-laea

329 1475 397 1540 §L
423 1473 563 1542 Quotuplici
586 1491 660 1538 *sensu
678 1477 744 1528 Eccl.
764 1493 815 1527 voc.
838 1476 867 1526 ab
887 1493 914 1526 eo
935 1479 1071 1542 usurpetur.
1107 1477 1159 1538 §2.
1184 1477 1229 1528 Eo-

343 1540 429 1589 clesiae
457 1541 614 1594 definitiones.
656 1545 667 1605 §
692 1545 714 1592 3.
741 1544 873 1607 Imagines,
919 1543 990 1594 uibus
1018 1543 1139 1594 Ecclesiae
1163 1543 1230 1594 notio

342 1606 488 1658 illustratur.
525 1612 577 1670 54.
600 1609 667 1658 Num
680 1609 818 1660 distinxerit
833 1611 896 1660 inter
932 1610 1043 1660 eclesiam
1059 1609 1179 1660 visibilem
1195 1613 1231 1660 at·

343 1690 389 1739 que
413 1675 576 1726 invisibilem?
612 1679 622 1737 §
642 1679 664 1726 5.
690 1677 786 1726 Relatio
811 1677 931 1726 Ecclesiae
955 1677 985 1726 ad
1011 1677 1136 1740 „Regnum
1156 1677 1231 1726 coelo·

342 1739 421 1792 rum.''
457 1744 468 1802 §
488 1743 510 1791 6.
535 1741 572 1791 De
592 1742 712 1792 Ecclesiae
732 1743 820 1793 indole.
857 1744 909 1806 57.
935 1744 972 1794 De
988 1743 1109 1806 Ecclesiae
1127 1743 1231 1794 vinculo.

343 1809 356 1868 5
375 1809 397 1858 8.
421 1809 510 1868 Ticini,
528 1809 614 1873 quibus
627 1809 734 1860 Ecclesia
748 1814 855 1861 ornatur.
891 1813 902 1871 §
921 1811 944 1860 9.
967 1811 1056 1871 Notae,
1075 1811 1161 1875 quibus
1175 1823 1231 1860 vera

344 1874 451 1924 Ecclesia
465 1891 479 1924 a
491 1875 550 1926 falsa
564 1875 721 1940 dignoscatur.
746 1879 756 1938 §
775 1879 815 1927 10.
832 1877 869 1925 De
881 1877 1002 1926 Ecclesiae
1016 1879 1070 1927 fine.
1089 1880 1100 1938 §
1119 1879 1159 1928 11.
1176 1877 1233 1927 Per-

344 1941 502 1991 fectissimnm
518 1943 637 1992 Ecclesiae
653 1943 780 2008 exemplar.
797 1971 831 1980 —
849 1943 977 1994 Conclusio
993 1944 1065 1994 buius
1082 1944 1175 2008 capitis.

310 2023 397 2073 Carus
414 2024 463 2074 ΠΙ.
498 2023 535 2073 De
558 2025 598 2074 via
615 2041 642 2074 ae
660 2025 766 2084 ratione,
788 2026 876 2092 quibus
893 2025 1001 2074 Ecclesia
1017 2029 1129 2090 operatur
1152 2065 1158 2078 .
1177 2063 1184 2076 .
1202 2063 1208 2076 .
1226 2061 1233 2076 .
1250 2023 1391 2080 lae—147.

345 2105 529 2156 Praemonenda.
565 2109 617 2168 §L
642 2107 715 2157 Verbi
740 2109 912 2159 ministerium.
943 2126 966 2160 a.
984 2109 1090 2158 Verbum
1116 2109 1232 2158 divinum.

346 2173 367 2222 b.
384 2172 437 2221 eins
454 2173 622 2224 ministerium.
651 2176 703 2236 §2.
726 2175 812 2224 Cultus
831 2174 965 2224 celebratio.
992 2193 1015 2226 a.
1033 2176 1126 2228 Preces.
1143 2178 1164 2226 b.
1181 2175 1233 2240 Hy·
1317 2218 1320 2222 .

345 2239 405 2289 mni.
431 2256 451 2290 e.
469 2239 519 2288 dies
535 2241 598 2291 festi.
624 2257 645 2290 e.
663 2241 760 2290 ieiunia.
792 2244 803 2302 5
823 2243 845 2292 3.
868 2242 1233 2292 sacramentorumsdministra-

345 2305 388 2356 tio.
423 2307 452 2356 A.
469 2307 629 2357 Sacramenta.
656 2325 679 2358 a.
696 2307 733 2356 De
753 2308 911 2358 Sacramentis
930 2309 957 2358 in
974 2323 1065 2371 genere.
1092 2311 1113 2360 d.
1130 2308 1168 2358 De
1188 2309 1234 2357 Ba·

345 2373 442 2436 ptismo.
469 2388 488 2422 c.
506 2373 574 2423 Des.
590 2389 668 2425 coena.
695 2376 723 2426 B.
742 2375 948 2424 sacramentorum
962 2375 1144 2426 administratio.
1155 2393 1185 2424 a.
1198 2375 1235 2424 De

345 2439 501 2490 Sacramentia
513 2440 539 2489 in
552 2456 645 2504 genere.
670 2443 689 2492 b.
702 2441 738 2490 De
751 2442 882 2506 Baptismo.
904 2459 924 2491 c.
937 2441 974 2490 De
987 2459 1005 2492 s.
1021 2442 1107 2492 Coena.
1130 2443 1177 2503 54.
1189 2441 1234 2489 Di·

343 2505 458 2571 aciph'nae
477 2523 539 2558 assus.
557 2509 674 2558 -Bona
691 2507 911 2559 Ecclesiastica.-
921 2509 1047 2558 Conclusio
1055 2509 1129 2558 huius
1139 2507 1233 2572 capitis.

312 2588 397 2638 CAPUT
415 2589 457 2639 IV.
492 2590 612 2640 Ecclesiae
636 2591 696 2640 socii
718 2629 724 2641 .
748 2625 1232 2642 ....................
1252 2587 1392 2644 lat-152.

344 2672 392 2732 §L
409 2671 531 2720 Ecclesiae
548 2671 612 2723 socii.
640 2673 689 2733 52.
706 2671 829 2722 Sociorum
845 2671 872 2721 in
888 2671 994 2721 Ecclesia
1006 2672 1090 2722 officia.
1117 2671 1164 2732 §3.
1181 2670 1236 2719 Mn·

345 2741 388 2787 tna
404 2738 523 2788 sociorum
540 2739 691 2789 adinvicem
708 2739 802 2790 relatio.
820 2767 854 2775 —
872 2738 999 2788 Conclusio
1016 2739 1088 2788 huius
1106 2737 1199 2802 capitis.

312 2820 398 2870 Cannu
415 2821 444 2870 V.
478 2821 597 2870 Ecclesiae
621 2821 727 2884 regimen
750 2855 1233 2872 ....................
1252 2817 1393 2889 lbi-7169.

346 2903 357 2962 5
376 2903 399 2952 l.
418 2901 534 2964 Regimen
551 2903 659 2952 coeleste.
690 2905 701 2963 §
720 2903 742 2951 2.
760 2902 797 2950 De
813 2900 933 2950 Ecclesiae
946 2901 1065 2950 ministris
1082 2901 1108 2948 in
1124 2900 1236 2949 universo

345 2967 421 3033 deque
437 2983 521 3018 eorum
538 2969 565 3018 in
582 2969 660 3018 varias
677 2969 764 3018 classes
780 2967 957 3018 distributione.
993 2971 1003 3028 5
1023 2969 1045 3016 3.
1063 2967 1234 3016 Ministrornm

345 3033 436 3085 electio.
472 3037 483 3096 5
502 3037 525 3085 4.
542 3035 714 3085 Ministrornm
731 3039 869 3085 conventus.
905 3038 916 3096 5
934 3036 957 3084 5.
974 3034 1142 3083 Ministrornm
1156 3036 1236 3082 ancto-

346 3102 413 3151 ritas.
440 3119 463 3151 a.
482 3101 551 3151 Circa
563 3103 703 3154 doctrinam.
730 3103 750 3152 b.
768 3100 901 3165 Inlegibus
914 3101 1022 3150 serendis.
1048 3117 1068 3150 c.
1086 3100 1237 3152 Iurisdictio..

348 3171 359 3230 §
383 3169 406 3219 6.
430 3169 599 3218 Ministrornm
625 3169 709 3218 officia.
740 3186 763 3218 o.
786 3167 1018 3233 superintendentis.
1054 3167 1074 3218 b.
1101 3167 1235 3218 Pastorum.

348 3252 367 3286 e.
386 3236 517 3287 Seniornm.
544 3237 567 3286 d.
585 3236 751 3286 Diaconorum.
787 3237 798 3296 5
817 3236 839 3288 'L
862 3235 1033 3284 Ministrornm
1054 3237 1078 3284 et
1097 3234 1173 3298 ipsius
1189 3234 1235 3282 Ec·

348 3301 433 3350 olesiae
451 3305 535 3352 mutua
552 3303 617 3352 inter
634 3319 659 3352 se
676 3302 770 3351 relatio.
789 3329 823 3338 —
840 3301 967 3350 Conclusio
985 3301 1058 3350 huius
1075 3301 1169 3366 capitis.

305 3383 402 3434 Carnu
418 3383 461 3435 VI.
495 3383 618 3434 Ecclesiae
636 3400 693 3448 erga
714 3383 882 3432 dissentientes
899 3386 924 3432 et
940 3383 1107 3446 magistratum
1124 3381 1212 3430 relatio
1229 3417 1236 3434 .
1255 3379 1395 3434 rea-172.

350 3465 404 3526 §L
427 3465 548 3516 Ecclesiae
569 3481 624 3530 erga
647 3466 813 3516 dissentientes
835 3465 930 3517 relatio.
966 3465 1018 3527 52.
1040 3465 1160 3515 Ecclesiae
1182 3477 1237 3528 erga

349 3532 519 3595 magistratum
535 3533 629 3583 relatio.

316 3611 443 3662 Conclusio
460 3613 541 3663 Partis
559 3615 587 3664 II
604 3650 1236 3666 ..........................
1254 3609 1312 3666 173·

250 3699 355 3748 Palas
374 3683 429 3744 ΙΙἸ.
463 3693 487 3744 J.
506 3693 602 3744 Calvini
619 3697 643 3744 et
660 3693 683 3746 J.
701 3693 715 3742 i
732 3695 806 3745 Lasso
823 3695 852 3746 de
869 3695 974 3746 Ecclesia
989 3697 1162 3748 sententiarum
1174 3696 1238 3746 iniec

284 3782 312 3815 se
334 3761 474 3828 compositio
506 3759 1395 3816 ...........................‚..1ra-188.

350 3843 532 3896 Praemouenda.
560 3845 607 3904 §L
625 3842 662 3892 Do
679 3843 798 3894 Ecclesiae
812 3845 904 3908 origine
917 3847 988 3910 atque
1000 3845 1109 3895 historia.
1136 3847 1147 3904 5
1161 3845 1183 3894 2.
1201 3843 1238 3892 De

350 3911 470 3962 Ecclesiae
499 3909 603 3960 notione.
644 3911 697 3970 §3.
719 3910 755 3960 De
781 3911 822 3960 via
846 3928 873 3961 ac
898 3912 1001 3972 ratione,
1025 3911 1110 3976 quibus
1130 3909 1237 3960 Ecclesia

352 3979 471 4042 operatur.
506 3979 559 4038 54.
577 3977 613 4026 De
634 3975 754 4026 Ecclesiae
778 3977 849 4026 sociis
866 3995 893 4026 ao
911 3979 1035 4041 regimine.
1070 3979 1122 4039 55.
1140 3977 1176 4026 De
1193 3977 1237 4025 Ec·

352 4045 437 4094 clasiae
455 4059 511 4108 erga
528 4041 696 4092 dissentientes
715 4047 740 4092 et
754 4045 927 4108 ‚magistratum
949 4044 1074 4096 relatione.
1101 4045 1111 4106 §
1131 4043 1154 4094 6.
1171 4041 1238 4106 Quae

350 4112 414 4161 inter
426 4126 450 4160 se
460 4111 551 4160 diversa
559 4108 698 4176 praecedens
707 4110 788 4160 docuit
797 4111 951 4176 compositio,
962 4111 1067 4161 breviter
1074 4113 1237 4160 resumuntur.

318 4192 438 4244 THESES
454 4227 1236 4246 ................................
1254 4191 1395 4241 nae-190.

761 4327 892 4348 ..Ω-ι’·-

405 4423 407 4430 ·
463 4410 597 4463 Eananun.
631 4427 655 4476 p.
674 4412 704 4461 85
723 4425 768 4475 pro
786 4410 862 4475 Cap„
896 4413 915 4471 §.
966 4410 984 4463 l.
1002 4409 1059 4476 Cap.
1076 4410 1119 4464 lV.
1137 4411 1149 4472 §
1168 4410 1191 4462 5.

761 4561 918 4590 ...z-0...-
