3228 5102
745 301 784 372 bl

199 507 360 568 admodum
388 508 469 568 enim
498 510 595 569 omnis
624 509 779 589 religionis
816 518 923 569 natura
959 518 1050 588 atque
1083 508 1200 569 indoles
1232 509 1264 568 in
1296 525 1332 568 eo

198 611 254 670 sita
277 629 343 671 esse
366 611 502 680 videtur,
523 623 559 671 ut
580 613 686 672 intima
709 613 748 672 sit
770 631 872 672 rerum
894 613 1065 672 divinarum
1083 623 1114 672 et
1131 612 1331 672 humanarum

197 715 384 783 coniunctio,
413 715 455 774 sic
484 733 604 794 quoque
633 716 664 774 in
695 714 844 776 Ecclesiae
874 715 998 776 notione
1027 715 1244 795 perscrutanda
1269 724 1331 774 tam

198 826 279 877 arcte
302 818 470 878 necessarie
493 837 561 878 eum
583 819 695 878 divinis
715 818 846 878 humana
873 819 1033 878 coniuncta
1062 818 1330 898 deprehendimus,

191 907 232 979 ‘ut
253 921 305 999 qui
328 923 416 982 anxie
446 940 564 1002 semper
585 933 616 982 et
642 923 783 1002 religiose
806 923 888 982 inter
908 933 1038 1001 utraque
1060 922 1248 1000 distinguere
1270 921 1330 980 vel·

195 1023 254 1091 let,
283 1041 319 1082 eo
348 1025 413 1102 ipso
442 1025 617 1085 ostenderet
647 1027 742 1095 clare,
771 1045 861 1104 quam
890 1045 995 1106 parum
1018 1025 1168 1086 Ecclesiae
1197 1025 1330 1084 indolem

196 1137 382 1206 perspectam
404 1127 459 1187 sibi
481 1128 621 1197 haberet,
644 1139 734 1207 atque
754 1139 946 1208 compertam.
980 1124 1078 1200 Quum
1101 1138 1202 1188 tamen
1225 1137 1328 1187 nostra

195 1229 317 1289 demum
346 1240 428 1290 aetas
450 1231 527 1291 vidit
555 1250 604 1291 res
626 1232 742 1292 divinas
771 1233 938 1293 necessarie
968 1232 999 1292 in
1022 1231 1132 1292 visibili
1154 1239 1262 1290 natura
1284 1230 1328 1289 in·

194 1333 292 1392 clusas
320 1335 432 1403 latere,
460 1345 492 1395 et
514 1335 634 1394 nonnisi
664 1336 695 1394 iu
725 1335 830 1396 eadem
859 1334 1012 1415 patefieri,
1043 1335 1178 1414 adeoque
1206 1343 1328 1393 nostrae

194 1436 347 1514 cogitandi
370 1437 481 1496 rationi
500 1448 737 1498 consentaneum
756 1449 835 1498 esset
853 1437 906 1498 Dei
925 1437 1096 1516 Christique
1114 1438 1145 1496 in
1164 1435 1328 1498 Ecclesiam

194 1539 385 1602 efficientiam
415 1541 446 1598 in
476 1541 541 1619 ipso
562 1540 720 1600 hominum
743 1541 890 1620 regimine
912 1547 1003 1620 atq'ue
1026 1541 1200 1620 operatione
1222 1541 1327 1620 depre-

192 1636 345 1712 hendere,
366 1678 407 1688 -
428 1644 507 1722 apud
530 1644 686 1704 Calvinum
709 1663 764 1724 pro
786 1645 960 1714 dualistica‚
981 1645 1029 1704 cui
1051 1643 1187 1713 favebat,
1215 1662 1327 1704 cosmo·
1412 1707 1416 1712 ,

192 1747 272 1827 logia
294 1765 399 1808 severe
422 1747 503 1807 inter
525 1758 688 1827 utrumque
711 1749 864 1828 regimen,
885 1748 1021 1808 divinum
1037 1757 1127 1826 atque
1145 1746 1326 1815 humanum,

192 1848 408 1928 distinguitur,
436 1859 467 1910 et
496 1851 557 1911 duo
583 1871 598 1910 a
621 1869 653 1910 se
675 1851 805 1911 invicem
827 1851 977 1911 disiuncta
999 1860 1030 1910 et
1052 1850 1136 1909 iuxta
1159 1849 1254 1910 veluti
1276 1868 1326 1928 po·

192 1953 248 2012 sita
269 1953 455 2032 cogitantur,
477 1973 570 2032 quare
592 1955 680 2016 nobis
698 1973 818 2033 quoque
838 1955 998 2034 separatim
1017 1953 1055 2014 dc
1073 1963 1204 2031 utroque
1224 1953 1324 2012 dicen·

191 2054 264 2114 dum
286 2057 353 2116 erit.
395 2054 457 2116 Iam
480 2057 562 2135 quod
584 2059 621 2117 ad
643 2057 696 2118 Dei
718 2076 786 2118 cum
808 2057 940 2117 Ecclesia
963 2057 1110 2117 relatione
1140 2057 1265 2125 attinet,
1294 2056 1326 2115 in

191 2158 333 2218 universo
362 2158 528 2218 tenendum
557 2168 603 2218 est
638 2157 812 2219 »Ecclesiae
842 2159 1114 2238 praesentissimam
1147 2157 1201 2218 Dei
1233 2158 1327 2238 ipsius

192 2263 359 2322 »virtutem
389 2281 537 2322 annexam
566 2261 700 2343 esse1).''
742 2261 829 2341 »lpse
856 2261 951 2342 igitur
972 2263 1053 2322 solus
1074 2279 1182 2341 regere
1204 2279 1238 2320 ac
1259 2278 1325 2340 reg·

191 2383 287 2424 »nare
309 2365 341 2424 in
363 2365 527 2426 Ecclesiam
550 2366 582 2425 in
610 2383 645 2425 ea
674 2383 794 2444 quoque
816 2383 955 2444 praeesse
977 2366 1026 2426 vel
1047 2365 1198 2434 eminere,
1220 2371 1251 2422 et
1271 2363 1324 2421 im-

191 2467 330 2546 aperium
352 2465 410 2526 hoc
433 2467 497 2526 solo
519 2465 585 2526 eius
603 2465 697 2525 verbo
716 2467 851 2525 exerceri
870 2475 990 2545 oportet
1004 2466 1058 2546 ²).''
1091 2464 1185 2524 »Eius
1207 2473 1326 2524 tantum

190 2569 339 2629 »verbum
361 2569 394 2628 in
417 2567 546 2627 Ecclesia
568 2566 811 2632 annuntiandum
829 2576 875 2626 est
890 2565 946 2644 ³);''
979 2565 1054 2627 »Ille
1079 2567 1187 2626 unicus
1208 2567 1324 2646 legisla-

190 2663 261 2732 »tor
280 2671 337 2752 ⁴),''
371 2671 445 2750 »qui
468 2671 549 2730 solus
571 2669 603 2729 in
626 2669 754 2730 Ecclesia
784 2669 954 2730 audiendus
975 2679 1021 2730 est
1040 2669 1089 2752 ⁵).”
1132 2668 1248 2730 »Omne
1271 2671 1325 2750 igi·

190 2785 264 2836 »tur
284 2776 421 2854 regimen
443 2772 687 2834 Ecclesiasticum
705 2773 747 2832 sic
768 2773 881 2852 pendet
899 2772 937 2832 ah
955 2773 1020 2833 eius
1038 2773 1174 2842 decreto,
1196 2783 1230 2833 ut
1248 2773 1323 2833 nibil

190 2877 386 2938 »hominibus
407 2887 542 2938 statuere
563 2877 653 2937 liceat
671 2875 727 2958 ⁶);''
750 2876 825 2936 adeo
848 2886 882 2935 ut
904 2877 1078 2956 omnesqui
1096 2876 1324 2938 exhominibus

188 2979 340 3040 Ecclesiae
370 2990 525 3060 praesunt,
561 2979 678 3040 »Deum
706 2979 840 3038 habeant
871 2987 1025 3038 auctorem
1052 2980 1098 3038 sui
1119 2979 1256 3040 muneris
1274 2979 1323 3061 ⁷).’'

189 3081 338 3163 Operatur
366 3093 468 3143 autem
496 3083 528 3141 in
557 3079 690 3142 Ecclesia
719 3100 772 3141 sua
802 3079 882 3140 lleus
910 3081 1089 3140 sanctissimi
1119 3080 1249 3160 Spiritus
1277 3084 1323 3143 sui

188 3187 301 3247 virtute
321 3185 357 3266 ⁸),
386 3193 417 3244 et
443 3183 565 3262 quidem
595 3181 708 3262 duplici
736 3182 842 3250 modo,
875 3200 1026 3260 »quorum
1055 3182 1130 3242 haec
1150 3183 1322 3244 differentia

137 3331 140 3336 .
189 3298 273 3357 nest,
302 3287 383 3367 quod
412 3285 574 3366 aliquando
603 3285 776 3348 immediate
806 3285 949 3368 spiritum
974 3303 1062 3344 suum
1090 3284 1241 3354 effundat,
1270 3287 1322 3346 ali·

188 3391 332 3470 »quando
354 3399 458 3450 contra
481 3391 572 3449 certis
593 3389 701 3448 mediis
721 3389 850 3469 largitur
861 3388 915 3469 ⁰).''
947 3386 1062 3448 Idcirco
1083 3387 1244 3448 immediate
1260 3389 1321 3450 vim

175 3480 271 3556 flam
301 3494 414 3554 exserit
443 3491 522 3552 Deus
544 3492 577 3551 in
600 3490 746 3561 Ecclesia,
779 3500 837 3552 »ut
859 3492 1025 3552 electorum
1046 3509 1191 3552 numerus
1212 3510 1320 3572 augea-

188 3607 277 3667 rtur,
298 3605 330 3656 et
351 3595 562 3676 gubernentur
583 3595 764 3676 eleati10),”
798 3603 856 3654 »ut
877 3595 998 3655 initium
1026 3593 1136 3655 habeat
1161 3613 1320 3675 regenera-

180 3801 473 3814 .......-..--—-—-

226 3967 246 4029 ¹)
264 3965 365 4015 Decet.
382 3962 430 4014 Dei
441 3961 526 4029 pram.
544 3961 611 4028 Tem,
627 3957 698 4009 VIII.
717 3955 786 4010 caah.

226 4048 325 4110 ²)Inel.
342 4045 384 4094 IV.
402 4045 427 4095 3.
445 4046 468 4095 l.
486 4044 515 4094 cf.
533 4059 591 4093 cera
608 4043 673 4092 Eccl.
691 4041 737 4107 ref.
754 4043 801 4091 rat.
818 4039 885 4090 Tom.
902 4037 972 4088 VIII.
990 4035 1060 4090 280b.

226 4129 246 4191 ³)
267 4129 351 4178 Oomm.
369 4127 403 4176 ad
419 4125 434 4174 2
454 4125 620 4177 lte.11.13.

226 4212 246 4274 ⁴)
267 4208 403 4260 Commod
423 4209 472 4258 Col.
489 4207 525 4257 II.
543 4208 583 4258 23.
601 4206 631 4256 ci.
648 4205 713 4256 adh
733 4205 811 4255 luera
829 4202 864 4253 11.
882 4203 906 4254 4.
924 4205 948 4252 et
964 4201 999 4254 od
1013 4201 1064 4252 Iac.
1083 4201 1124 4253 1v.
1144 4200 1184 4254 12.

225 4293 246 4357 1)
266 4290 404 4342 Commod
422 4290 475 4340 aar.
493 4289 514 4338 Ι.
532 4289 555 4339 l.
656 4289 676 4350 ⁶)
697 4289 782 4337 Comm.
799 4287 834 4336 ad
850 4286 921 4335 Nutu.
939 4281 1018 4334 XVII.
1034 4283 1059 4332 4.

225 4373 246 4436 ⁷)
265 4373 350 4424 Corum.
368 4370 403 4420 ad
418 4369 499 4420 Erod.
517 4369 595 4420 XVII.
614 4369 636 4420 t.
654 4369 683 4420 cs.
701 4369 737 4419 ad
755 4369 807 4418 Gal.
824 4366 845 4418 I.
864 4366 887 4418 1.

223 4453 244 4518 8)
263 4456 299 4505 Ol.
317 4455 400 4504 Praei.
416 4451 486 4502 VHI.
503 4453 530 4502 io
546 4453 630 4502 Erech.
647 4451 696 4503 III.·
714 4452 738 4502 9.

225 4539 245 4602 ⁹)
264 4537 333 4590 Hdm.
350 4537 377 4588 to
394 4538 408 4587 1
426 4537 489 4587 Sam.
506 4534 558 4584 XX.
575 4532 642 4584 Tem.
659 4533 694 4584 ΙΙ.
712 4549 736 4599 p.
753 4531 823 4584 324¹).
891 4530 923 4594 ιθ)
943 4527 996 4582 t'at.
1017 4529 1074 4582 Gen.
1091 4527 1158 4580 Tem.
1172 4527 1244 4582 VIII.
1262 4524 1314 4581 23⁸,
