<?xml version="1.0" encoding="UTF-8"?>
<!DOCTYPE html PUBLIC "-//W3C//DTD XHTML 1.0 Transitional//EN"
    "http://www.w3.org/TR/xhtml1/DTD/xhtml1-transitional.dtd">
<html xmlns="http://www.w3.org/1999/xhtml" xml:lang="en" lang="en">
 <head>
  <title>
</title>
<meta http-equiv="Content-Type" content="text/html;charset=utf-8" />
  <meta name='ocr-system' content='tesseract 3.04.00' />
  <meta name='ocr-capabilities' content='ocr_page ocr_carea ocr_par ocr_line ocrx_word'/>
</head>
<body>
  <div class='ocr_page' id='page_1' title='image "./disquisitiohist00kuypgoog_0139.png"; bbox 0 0 3240 5100; ppageno 0'>
   <div class='ocr_carea' id='block_1_1' title="bbox 714 314 773 377">
    <p class='ocr_par' dir='ltr' id='par_1_1' title="bbox 714 314 773 377">
     <span class='ocr_line' id='line_1_1' title="bbox 714 314 773 377; baseline 0.068 -3"><span class='ocrx_word' id='word_1_1' title='bbox 714 314 773 377; x_wconf 76' lang='lat' dir='ltr'><strong>att</strong></span> 
     </span>
    </p>
   </div>
   <div class='ocr_carea' id='block_1_2' title="bbox 100 507 1383 2256">
    <p class='ocr_par' dir='ltr' id='par_1_2' title="bbox 100 507 1383 2256">
     <span class='ocr_line' id='line_1_2' title="bbox 180 507 1312 594; baseline 0.004 -25"><span class='ocrx_word' id='word_1_2' title='bbox 180 507 231 570; x_wconf 84' lang='lat' dir='ltr'><strong>rix</strong></span> <span class='ocrx_word' id='word_1_3' title='bbox 253 510 413 589; x_wconf 88' lang='lat' dir='ltr'><strong>quiequam</strong></span> <span class='ocrx_word' id='word_1_4' title='bbox 429 511 560 581; x_wconf 84' lang='lat' dir='ltr'><strong>eederet,</strong></span> <span class='ocrx_word' id='word_1_5' title='bbox 604 511 808 594; x_wconf 71' lang='lat' dir='ltr'><strong>Quaecunque</strong></span> <span class='ocrx_word' id='word_1_6' title='bbox 827 514 921 594; x_wconf 85' lang='lat' dir='ltr'><strong>igitur</strong></span> <span class='ocrx_word' id='word_1_7' title='bbox 940 515 974 582; x_wconf 87' lang='lat' dir='ltr'><strong>in</strong></span> <span class='ocrx_word' id='word_1_8' title='bbox 996 513 1146 585; x_wconf 83' lang='lat' dir='ltr'><strong>Ecclesiae</strong></span> <span class='ocrx_word' id='word_1_9' title='bbox 1168 512 1312 588; x_wconf 81' lang='lat' dir='ltr'><strong>membris</strong></span> 
     </span>
     <span class='ocr_line' id='line_1_3' title="bbox 180 611 1312 700; baseline 0.007 -28"><span class='ocrx_word' id='word_1_10' title='bbox 180 611 260 673; x_wconf 89' lang='lat' dir='ltr'><strong>dena</strong></span> <span class='ocrx_word' id='word_1_11' title='bbox 288 615 449 680; x_wconf 85' lang='lat' dir='ltr'><strong>collocaret</strong></span> <span class='ocrx_word' id='word_1_12' title='bbox 477 617 602 696; x_wconf 89' lang='lat' dir='ltr'><strong>spiritus</strong></span> <span class='ocrx_word' id='word_1_13' title='bbox 628 628 766 689; x_wconf 88' lang='lat' dir='ltr'><strong>sauctus,</strong></span> <span class='ocrx_word' id='word_1_14' title='bbox 794 619 900 682; x_wconf 84' lang='lat' dir='ltr'><strong>sedulo</strong></span> <span class='ocrx_word' id='word_1_15' title='bbox 921 619 1060 700; x_wconf 78' lang='lat' dir='ltr'><strong>excipere</strong></span> <span class='ocrx_word' id='word_1_16' title='bbox 1083 618 1198 687; x_wconf 86' lang='lat' dir='ltr'><strong>solebat</strong></span> <span class='ocrx_word' id='word_1_17' title='bbox 1221 627 1312 696; x_wconf 89' lang='lat' dir='ltr'><strong>atque</strong></span> 
     </span>
     <span class='ocr_line' id='line_1_4' title="bbox 180 717 1312 796; baseline 0.006 -21"><span class='ocrx_word' id='word_1_18' title='bbox 180 717 340 796; x_wconf 78' lang='lat' dir='ltr'><strong>colligere,</strong></span> <span class='ocrx_word' id='word_1_19' title='bbox 370 728 404 778; x_wconf 92' lang='lat' dir='ltr'><strong>nt</strong></span> <span class='ocrx_word' id='word_1_20' title='bbox 432 721 496 780; x_wconf 85' lang='lat' dir='ltr'><strong>veri</strong></span> <span class='ocrx_word' id='word_1_21' title='bbox 525 722 656 782; x_wconf 88' lang='lat' dir='ltr'><strong>neminis</strong></span> <span class='ocrx_word' id='word_1_22' title='bbox 684 722 765 784; x_wconf 90' lang='lat' dir='ltr'><strong>basis</strong></span> <span class='ocrx_word' id='word_1_23' title='bbox 794 743 827 784; x_wconf 89' lang='lat' dir='ltr'><strong>ec</strong></span> <span class='ocrx_word' id='word_1_24' title='bbox 854 725 994 788; x_wconf 90' lang='lat' dir='ltr'><strong>columna</strong></span> <span class='ocrx_word' id='word_1_25' title='bbox 1021 723 1158 792; x_wconf 82' lang='lat' dir='ltr'><strong>veritalis</strong></span> <span class='ocrx_word' id='word_1_26' title='bbox 1179 721 1312 794; x_wconf 81' lang='lat' dir='ltr'><strong>Ecclesia</strong></span> 
     </span>
     <span class='ocr_line' id='line_1_5' title="bbox 181 817 1313 906; baseline 0.017 -27"><span class='ocrx_word' id='word_1_27' title='bbox 181 817 287 880; x_wconf 90' lang='lat' dir='ltr'><strong>haberi</strong></span> <span class='ocrx_word' id='word_1_28' title='bbox 317 834 426 900; x_wconf 84' lang='lat' dir='ltr'><strong>posset.</strong></span> <span class='ocrx_word' id='word_1_29' title='bbox 469 823 506 884; x_wconf 94' lang='lat' dir='ltr'><strong>Et</strong></span> <span class='ocrx_word' id='word_1_30' title='bbox 536 845 629 904; x_wconf 89' lang='lat' dir='ltr'><strong>quum</strong></span> <span class='ocrx_word' id='word_1_31' title='bbox 652 827 763 906; x_wconf 86' lang='lat' dir='ltr'><strong>optime</strong></span> <span class='ocrx_word' id='word_1_32' title='bbox 786 827 953 898; x_wconf 86' lang='lat' dir='ltr'><strong>sentiebat,</strong></span> <span class='ocrx_word' id='word_1_33' title='bbox 975 827 1127 896; x_wconf 78' lang='lat' dir='ltr'><strong>nemiuem</strong></span> <span class='ocrx_word' id='word_1_34' title='bbox 1147 825 1185 896; x_wconf 85' lang='lat' dir='ltr'><strong>ad</strong></span> <span class='ocrx_word' id='word_1_35' title='bbox 1207 844 1313 897; x_wconf 68' lang='lat' dir='ltr'><strong>verum</strong></span> 
     </span>
     <span class='ocr_line' id='line_1_6' title="bbox 100 923 1313 1017; baseline 0.011 -36"><span class='ocrx_word' id='word_1_36' title='bbox 100 1013 104 1017; x_wconf 17' lang='lat'>¹</span> <span class='ocrx_word' id='word_1_37' title='bbox 180 923 294 984; x_wconf 85' lang='lat' dir='ltr'><strong>Christi</strong></span> <span class='ocrx_word' id='word_1_38' title='bbox 319 945 428 1006; x_wconf 87' lang='lat' dir='ltr'><strong>corpus</strong></span> <span class='ocrx_word' id='word_1_39' title='bbox 452 938 579 990; x_wconf 86' lang='lat' dir='ltr'><strong>externa</strong></span> <span class='ocrx_word' id='word_1_40' title='bbox 601 941 721 994; x_wconf 90' lang='lat' dir='ltr'><strong>tantum</strong></span> <span class='ocrx_word' id='word_1_41' title='bbox 741 931 928 994; x_wconf 80' lang='lat' dir='ltr'><strong>confessione</strong></span> <span class='ocrx_word' id='word_1_42' title='bbox 950 933 1119 1012; x_wconf 80' lang='lat' dir='ltr'><strong>pertinere,</strong></span> <span class='ocrx_word' id='word_1_43' title='bbox 1148 930 1201 994; x_wconf 87' lang='lat' dir='ltr'><strong>sed</strong></span> <span class='ocrx_word' id='word_1_44' title='bbox 1222 929 1313 1001; x_wconf 81' lang='lat' dir='ltr'><strong>fidem</strong></span> 
     </span>
     <span class='ocr_line' id='line_1_7' title="bbox 181 1031 1313 1115; baseline 0.009 -27"><span class='ocrx_word' id='word_1_45' title='bbox 181 1031 297 1108; x_wconf 79' lang='lat' dir='ltr'><strong>requiri</strong></span> <span class='ocrx_word' id='word_1_46' title='bbox 326 1041 356 1092; x_wconf 83' lang='lat' dir='ltr'><strong>cl</strong></span> <span class='ocrx_word' id='word_1_47' title='bbox 388 1032 526 1096; x_wconf 90' lang='lat' dir='ltr'><strong>intimam</strong></span> <span class='ocrx_word' id='word_1_48' title='bbox 553 1053 621 1096; x_wconf 92' lang='lat' dir='ltr'><strong>eum</strong></span> <span class='ocrx_word' id='word_1_49' title='bbox 650 1033 770 1106; x_wconf 84' lang='lat' dir='ltr'><strong>Christo</strong></span> <span class='ocrx_word' id='word_1_50' title='bbox 798 1036 955 1104; x_wconf 82' lang='lat' dir='ltr'><strong>anienem.</strong></span> <span class='ocrx_word' id='word_1_51' title='bbox 978 1045 1013 1104; x_wconf 87' lang='lat' dir='ltr'><strong>ut</strong></span> <span class='ocrx_word' id='word_1_52' title='bbox 1041 1035 1174 1115; x_wconf 82' lang='lat' dir='ltr'><strong>corporis</strong></span> <span class='ocrx_word' id='word_1_53' title='bbox 1202 1031 1313 1098; x_wconf 79' lang='lat' dir='ltr'><strong>curisti</strong></span> 
     </span>
     <span class='ocr_line' id='line_1_8' title="bbox 183 1135 1317 1220; baseline 0.006 -26"><span class='ocrx_word' id='word_1_54' title='bbox 183 1135 420 1214; x_wconf 76' lang='lat' dir='ltr'><strong>participationis</strong></span> <span class='ocrx_word' id='word_1_55' title='bbox 448 1138 618 1220; x_wconf 82' lang='lat' dir='ltr'><strong>condignus</strong></span> <span class='ocrx_word' id='word_1_56' title='bbox 646 1138 801 1209; x_wconf 90' lang='lat' dir='ltr'><strong>habearis,</strong></span> <span class='ocrx_word' id='word_1_57' title='bbox 834 1151 957 1202; x_wconf 87' lang='lat' dir='ltr'><strong>strenue</strong></span> <span class='ocrx_word' id='word_1_58' title='bbox 985 1149 1018 1202; x_wconf 89' lang='lat' dir='ltr'><strong>ct</strong></span> <span class='ocrx_word' id='word_1_59' title='bbox 1040 1139 1179 1208; x_wconf 74' lang='lat' dir='ltr'><strong>alacriter</strong></span> <span class='ocrx_word' id='word_1_60' title='bbox 1200 1135 1317 1203; x_wconf 80' lang='lat' dir='ltr'><strong>innisus</strong></span> 
     </span>
     <span class='ocr_line' id='line_1_9' title="bbox 182 1239 1317 1324; baseline 0.008 -28"><span class='ocrx_word' id='word_1_61' title='bbox 182 1247 245 1305; x_wconf 90' lang='lat' dir='ltr'><strong>est,</strong></span> <span class='ocrx_word' id='word_1_62' title='bbox 274 1257 313 1298; x_wconf 91' lang='lat' dir='ltr'><strong>ne</strong></span> <span class='ocrx_word' id='word_1_63' title='bbox 342 1241 415 1318; x_wconf 92' lang='lat' dir='ltr'><strong>quid</strong></span> <span class='ocrx_word' id='word_1_64' title='bbox 444 1242 584 1302; x_wconf 85' lang='lat' dir='ltr'><strong>vitiosum</strong></span> <span class='ocrx_word' id='word_1_65' title='bbox 614 1243 677 1303; x_wconf 85' lang='lat' dir='ltr'><strong>sive</strong></span> <span class='ocrx_word' id='word_1_66' title='bbox 706 1243 942 1324; x_wconf 77' lang='lat' dir='ltr'><strong>reprehensione</strong></span> <span class='ocrx_word' id='word_1_67' title='bbox 965 1243 1091 1323; x_wconf 80' lang='lat' dir='ltr'><strong>dignum</strong></span> <span class='ocrx_word' id='word_1_68' title='bbox 1112 1242 1144 1308; x_wconf 81' lang='lat' dir='ltr'><strong>in</strong></span> <span class='ocrx_word' id='word_1_69' title='bbox 1166 1239 1317 1311; x_wconf 75' lang='lat' dir='ltr'><strong>Ecclesiae</strong></span> 
     </span>
     <span class='ocr_line' id='line_1_10' title="bbox 182 1341 1318 1426; baseline 0.009 -25"><span class='ocrx_word' id='word_1_70' title='bbox 182 1342 273 1402; x_wconf 90' lang='lat' dir='ltr'><strong>sociis</strong></span> <span class='ocrx_word' id='word_1_71' title='bbox 301 1343 366 1403; x_wconf 87' lang='lat' dir='ltr'><strong>sine</strong></span> <span class='ocrx_word' id='word_1_72' title='bbox 396 1346 480 1424; x_wconf 83' lang='lat' dir='ltr'><strong>gravi</strong></span> <span class='ocrx_word' id='word_1_73' title='bbox 510 1346 730 1416; x_wconf 83' lang='lat' dir='ltr'><strong>admonitione,</strong></span> <span class='ocrx_word' id='word_1_74' title='bbox 763 1357 795 1408; x_wconf 87' lang='lat' dir='ltr'><strong>et</strong></span> <span class='ocrx_word' id='word_1_75' title='bbox 825 1347 876 1409; x_wconf 93' lang='lat' dir='ltr'><strong>ubi</strong></span> <span class='ocrx_word' id='word_1_76' title='bbox 905 1366 954 1410; x_wconf 80' lang='lat' dir='ltr'><strong>res</strong></span> <span class='ocrx_word' id='word_1_77' title='bbox 982 1347 1013 1420; x_wconf 89' lang='lat' dir='ltr'><strong>id</strong></span> <span class='ocrx_word' id='word_1_78' title='bbox 1042 1346 1224 1426; x_wconf 83' lang='lat' dir='ltr'><strong>postularet,</strong></span> <span class='ocrx_word' id='word_1_79' title='bbox 1253 1341 1318 1414; x_wconf 62' lang='lat' dir='ltr'><strong>sinc</strong></span> 
     </span>
     <span class='ocr_line' id='line_1_11' title="bbox 183 1445 1317 1528; baseline 0.008 -24"><span class='ocrx_word' id='word_1_80' title='bbox 183 1445 443 1508; x_wconf 82' lang='lat' dir='ltr'><strong>animadversione</strong></span> <span class='ocrx_word' id='word_1_81' title='bbox 479 1450 784 1528; x_wconf 83' lang='lat' dir='ltr'><strong>praetcrrraitteretur.</strong></span> <span class='ocrx_word' id='word_1_82' title='bbox 834 1449 882 1513; x_wconf 86' lang='lat' dir='ltr'><strong>Sic</strong></span> <span class='ocrx_word' id='word_1_83' title='bbox 911 1451 1033 1524; x_wconf 86' lang='lat' dir='ltr'><strong>demum</strong></span> <span class='ocrx_word' id='word_1_84' title='bbox 1062 1451 1190 1516; x_wconf 82' lang='lat' dir='ltr'><strong>alacrem</strong></span> <span class='ocrx_word' id='word_1_85' title='bbox 1219 1445 1317 1512; x_wconf 79' lang='lat' dir='ltr'><strong>couci·</strong></span> 
     </span>
     <span class='ocr_line' id='line_1_12' title="bbox 184 1549 1318 1632; baseline 0.005 -22"><span class='ocrx_word' id='word_1_86' title='bbox 184 1569 256 1629; x_wconf 89' lang='lat' dir='ltr'><strong>pere</strong></span> <span class='ocrx_word' id='word_1_87' title='bbox 285 1553 384 1629; x_wconf 89' lang='lat' dir='ltr'><strong>potuit</strong></span> <span class='ocrx_word' id='word_1_88' title='bbox 414 1571 513 1632; x_wconf 90' lang='lat' dir='ltr'><strong>spem,</strong></span> <span class='ocrx_word' id='word_1_89' title='bbox 542 1564 576 1614; x_wconf 89' lang='lat' dir='ltr'><strong>ut</strong></span> <span class='ocrx_word' id='word_1_90' title='bbox 604 1553 736 1615; x_wconf 79' lang='lat' dir='ltr'><strong>Ecclesia</strong></span> <span class='ocrx_word' id='word_1_91' title='bbox 766 1573 835 1624; x_wconf 85' lang='lat' dir='ltr'><strong>aua,</strong></span> <span class='ocrx_word' id='word_1_92' title='bbox 867 1555 995 1618; x_wconf 87' lang='lat' dir='ltr'><strong>societas</strong></span> <span class='ocrx_word' id='word_1_93' title='bbox 1024 1553 1202 1632; x_wconf 72' lang='lat' dir='ltr'><strong>ceteroquin</strong></span> <span class='ocrx_word' id='word_1_94' title='bbox 1221 1549 1318 1618; x_wconf 84' lang='lat' dir='ltr'><strong>heni-</strong></span> 
     </span>
     <span class='ocr_line' id='line_1_13' title="bbox 185 1654 1319 1738; baseline 0.006 -26"><span class='ocrx_word' id='word_1_95' title='bbox 185 1673 275 1725; x_wconf 88' lang='lat' dir='ltr'><strong>num,</strong></span> <span class='ocrx_word' id='word_1_96' title='bbox 298 1656 348 1734; x_wconf 91' lang='lat' dir='ltr'><strong>qui</strong></span> <span class='ocrx_word' id='word_1_97' title='bbox 370 1657 453 1716; x_wconf 90' lang='lat' dir='ltr'><strong>nulla</strong></span> <span class='ocrx_word' id='word_1_98' title='bbox 476 1675 537 1716; x_wconf 92' lang='lat' dir='ltr'><strong>non</strong></span> <span class='ocrx_word' id='word_1_99' title='bbox 560 1659 660 1718; x_wconf 83' lang='lat' dir='ltr'><strong>vexati</strong></span> <span class='ocrx_word' id='word_1_100' title='bbox 688 1659 814 1720; x_wconf 87' lang='lat' dir='ltr'><strong>saevitia</strong></span> <span class='ocrx_word' id='word_1_101' title='bbox 843 1659 1077 1738; x_wconf 76' lang='lat' dir='ltr'><strong>infortuniisque</strong></span> <span class='ocrx_word' id='word_1_102' title='bbox 1103 1654 1319 1738; x_wconf 81' lang='lat' dir='ltr'><strong>propemedum</strong></span> 
     </span>
     <span class='ocr_line' id='line_1_14' title="bbox 181 1759 1319 1841; baseline 0.005 -26"><span class='ocrx_word' id='word_1_103' title='bbox 181 1759 315 1818; x_wconf 69' lang='lat' dir='ltr'><strong>,conlecti</strong></span> <span class='ocrx_word' id='word_1_104' title='bbox 336 1759 368 1818; x_wconf 75' lang='lat' dir='ltr'><strong>tit</strong></span> <span class='ocrx_word' id='word_1_105' title='bbox 390 1760 533 1839; x_wconf 92' lang='lat' dir='ltr'><strong>petriam,</strong></span> <span class='ocrx_word' id='word_1_106' title='bbox 559 1761 590 1820; x_wconf 80' lang='lat' dir='ltr'><strong>ct</strong></span> <span class='ocrx_word' id='word_1_107' title='bbox 612 1771 772 1841; x_wconf 84' lang='lat' dir='ltr'><strong>cognatos,</strong></span> <span class='ocrx_word' id='word_1_108' title='bbox 795 1762 826 1822; x_wconf 77' lang='lat' dir='ltr'><strong>et</strong></span> <span class='ocrx_word' id='word_1_109' title='bbox 855 1762 933 1826; x_wconf 85' lang='lat' dir='ltr'><strong>bona</strong></span> <span class='ocrx_word' id='word_1_110' title='bbox 954 1781 1007 1826; x_wconf 86' lang='lat' dir='ltr'><strong>sua</strong></span> <span class='ocrx_word' id='word_1_111' title='bbox 1030 1763 1203 1840; x_wconf 84' lang='lat' dir='ltr'><strong>relinquere</strong></span> <span class='ocrx_word' id='word_1_112' title='bbox 1225 1759 1319 1823; x_wconf 58' lang='lat' dir='ltr'><strong>malua</strong></span> 
     </span>
     <span class='ocr_line' id='line_1_15' title="bbox 186 1863 1320 1946; baseline 0.009 -26"><span class='ocrx_word' id='word_1_113' title='bbox 186 1871 291 1930; x_wconf 86' lang='lat' dir='ltr'><strong>erant,</strong></span> <span class='ocrx_word' id='word_1_114' title='bbox 314 1881 402 1940; x_wconf 92' lang='lat' dir='ltr'><strong>quam</strong></span> <span class='ocrx_word' id='word_1_115' title='bbox 426 1865 474 1923; x_wconf 90' lang='lat' dir='ltr'><strong>vel</strong></span> <span class='ocrx_word' id='word_1_116' title='bbox 497 1863 626 1942; x_wconf 84' lang='lat' dir='ltr'><strong>digitum</strong></span> <span class='ocrx_word' id='word_1_117' title='bbox 648 1866 742 1927; x_wconf 88' lang='lat' dir='ltr'><strong>latum</strong></span> <span class='ocrx_word' id='word_1_118' title='bbox 765 1865 803 1926; x_wconf 89' lang='lat' dir='ltr'><strong>ab</strong></span> <span class='ocrx_word' id='word_1_119' title='bbox 825 1864 983 1946; x_wconf 79' lang='lat' dir='ltr'><strong>Euangelii</strong></span> <span class='ocrx_word' id='word_1_120' title='bbox 1006 1867 1138 1946; x_wconf 82' lang='lat' dir='ltr'><strong>puritate</strong></span> <span class='ocrx_word' id='word_1_121' title='bbox 1159 1863 1320 1930; x_wconf 69' lang='lat' dir='ltr'><strong>rendere,</strong></span> 
     </span>
     <span class='ocr_line' id='line_1_16' title="bbox 186 1965 1320 2050; baseline 0.004 -27"><span class='ocrx_word' id='word_1_122' title='bbox 186 1965 299 2044; x_wconf 89' lang='lat' dir='ltr'><strong>quique</strong></span> <span class='ocrx_word' id='word_1_123' title='bbox 318 1967 413 2045; x_wconf 83' lang='lat' dir='ltr'><strong>igitur</strong></span> <span class='ocrx_word' id='word_1_124' title='bbox 431 1967 544 2046; x_wconf 88' lang='lat' dir='ltr'><strong>pictate</strong></span> <span class='ocrx_word' id='word_1_125' title='bbox 563 1969 698 2048; x_wconf 84' lang='lat' dir='ltr'><strong>insignes</strong></span> <span class='ocrx_word' id='word_1_126' title='bbox 716 1979 747 2030; x_wconf 90' lang='lat' dir='ltr'><strong>et</strong></span> <span class='ocrx_word' id='word_1_127' title='bbox 766 1989 836 2048; x_wconf 88' lang='lat' dir='ltr'><strong>prae</strong></span> <span class='ocrx_word' id='word_1_128' title='bbox 855 1970 974 2030; x_wconf 81' lang='lat' dir='ltr'><strong>ardenti</strong></span> <span class='ocrx_word' id='word_1_129' title='bbox 992 1970 1149 2050; x_wconf 78' lang='lat' dir='ltr'><strong>religionis</strong></span> <span class='ocrx_word' id='word_1_130' title='bbox 1168 1986 1269 2035; x_wconf 87' lang='lat' dir='ltr'><strong>amore</strong></span> <span class='ocrx_word' id='word_1_131' title='bbox 1288 1967 1320 2028; x_wconf 90' lang='lat' dir='ltr'><strong>in</strong></span> 
     </span>
     <span class='ocr_line' id='line_1_17' title="bbox 181 2069 1383 2153; baseline 0.009 -27"><span class='ocrx_word' id='word_1_132' title='bbox 181 2069 289 2148; x_wconf 90' lang='lat' dir='ltr'><strong>paucis</strong></span> <span class='ocrx_word' id='word_1_133' title='bbox 308 2080 395 2130; x_wconf 89' lang='lat' dir='ltr'><strong>crant</strong></span> <span class='ocrx_word' id='word_1_134' title='bbox 413 2073 582 2150; x_wconf 87' lang='lat' dir='ltr'><strong>conspicui,</strong></span> <span class='ocrx_word' id='word_1_135' title='bbox 601 2106 641 2120; x_wconf 83' lang='grc'><strong>-</strong></span> <span class='ocrx_word' id='word_1_136' title='bbox 663 2081 830 2142; x_wconf 89' lang='lat' dir='ltr'><strong>uteorum,</strong></span> <span class='ocrx_word' id='word_1_137' title='bbox 848 2073 986 2152; x_wconf 87' lang='lat' dir='ltr'><strong>iuquam,</strong></span> <span class='ocrx_word' id='word_1_138' title='bbox 1005 2073 1201 2153; x_wconf 79' lang='lat' dir='ltr'><strong>congregatio</strong></span> <span class='ocrx_word' id='word_1_139' title='bbox 1213 2071 1319 2136; x_wconf 62' lang='lat' dir='ltr'><strong>evadne</strong></span> <span class='ocrx_word' id='word_1_140' title='bbox 1380 2089 1383 2098; x_wconf 89' lang='grc'><strong>’</strong></span> 
     </span>
     <span class='ocr_line' id='line_1_18' title="bbox 187 2173 1321 2256; baseline 0.002 -24"><span class='ocrx_word' id='word_1_141' title='bbox 187 2181 235 2232; x_wconf 91' lang='lat' dir='ltr'><strong>ret</strong></span> <span class='ocrx_word' id='word_1_142' title='bbox 268 2174 429 2252; x_wconf 89' lang='lat' dir='ltr'><strong>aliquando</strong></span> <span class='ocrx_word' id='word_1_143' title='bbox 462 2173 594 2236; x_wconf 83' lang='lat' dir='ltr'><strong>Ecclesia</strong></span> <span class='ocrx_word' id='word_1_144' title='bbox 621 2177 652 2236; x_wconf 92' lang='lat' dir='ltr'><strong>in</strong></span> <span class='ocrx_word' id='word_1_145' title='bbox 681 2177 820 2236; x_wconf 89' lang='lat' dir='ltr'><strong>doctriua</strong></span> <span class='ocrx_word' id='word_1_146' title='bbox 856 2195 928 2237; x_wconf 85' lang='lat' dir='ltr'><strong>nera</strong></span> <span class='ocrx_word' id='word_1_147' title='bbox 960 2195 1095 2256; x_wconf 87' lang='lat' dir='ltr'><strong>puraque</strong></span> <span class='ocrx_word' id='word_1_148' title='bbox 1128 2174 1321 2239; x_wconf 80' lang='lat' dir='ltr'><strong>eensaitiens</strong></span> 
     </span>
    </p>
   </div>
   <div class='ocr_carea' id='block_1_3' title="bbox 94 2275 1323 2345">
    <p class='ocr_par' dir='ltr' id='par_1_3' title="bbox 94 2275 1323 2345">
     <span class='ocr_line' id='line_1_19' title="bbox 94 2275 1323 2345; baseline 0.003 -9"><span class='ocrx_word' id='word_1_149' title='bbox 94 2292 96 2296; x_wconf 78' lang='grc'>’</span> <span class='ocrx_word' id='word_1_150' title='bbox 188 2295 390 2345; x_wconf 89' lang='lat' dir='ltr'><strong>acconcors,</strong></span> <span class='ocrx_word' id='word_1_151' title='bbox 419 2278 560 2338; x_wconf 88' lang='lat' dir='ltr'><strong>invitae</strong></span> <span class='ocrx_word' id='word_1_152' title='bbox 589 2281 750 2340; x_wconf 85' lang='lat' dir='ltr'><strong>sanctitate</strong></span> <span class='ocrx_word' id='word_1_153' title='bbox 779 2280 890 2340; x_wconf 91' lang='lat' dir='ltr'><strong>nobilis</strong></span> <span class='ocrx_word' id='word_1_154' title='bbox 919 2279 1114 2344; x_wconf 66' lang='lat' dir='ltr'><strong>et&#39;bcnesta.</strong></span> <span class='ocrx_word' id='word_1_155' title='bbox 1161 2277 1201 2342; x_wconf 89' lang='lat' dir='ltr'><strong>Ut</strong></span> <span class='ocrx_word' id='word_1_156' title='bbox 1229 2275 1323 2340; x_wconf 78' lang='lat' dir='ltr'><strong>uerbo</strong></span> 
     </span>
    </p>
   </div>
   <div class='ocr_carea' id='block_1_4' title="bbox 186 2382 1327 3807">
    <p class='ocr_par' dir='ltr' id='par_1_4' title="bbox 186 2382 1327 3807">
     <span class='ocr_line' id='line_1_20' title="bbox 187 2382 1322 2462; baseline -0.002 -20"><span class='ocrx_word' id='word_1_157' title='bbox 187 2382 298 2442; x_wconf 90' lang='lat' dir='ltr'><strong>dicam:</strong></span> <span class='ocrx_word' id='word_1_158' title='bbox 329 2383 386 2442; x_wconf 91' lang='lat' dir='ltr'><strong>etsi</strong></span> <span class='ocrx_word' id='word_1_159' title='bbox 412 2383 538 2443; x_wconf 84' lang='lat' dir='ltr'><strong>visibilis</strong></span> <span class='ocrx_word' id='word_1_160' title='bbox 560 2393 651 2462; x_wconf 85' lang='lat' dir='ltr'><strong>atque</strong></span> <span class='ocrx_word' id='word_1_161' title='bbox 673 2383 832 2444; x_wconf 81' lang='lat' dir='ltr'><strong>invisibilis</strong></span> <span class='ocrx_word' id='word_1_162' title='bbox 854 2382 1006 2444; x_wconf 83' lang='lat' dir='ltr'><strong>Ecclesiae</strong></span> <span class='ocrx_word' id='word_1_163' title='bbox 1027 2383 1255 2446; x_wconf 82' lang='lat' dir='ltr'><strong>distinctionem</strong></span> <span class='ocrx_word' id='word_1_164' title='bbox 1276 2398 1322 2442; x_wconf 81' lang='lat' dir='ltr'><strong>re·</strong></span> 
     </span>
     <span class='ocr_line' id='line_1_21' title="bbox 188 2483 1323 2564; baseline -0.001 -19"><span class='ocrx_word' id='word_1_165' title='bbox 188 2487 309 2554; x_wconf 88' lang='lat' dir='ltr'><strong>iecerit,</strong></span> <span class='ocrx_word' id='word_1_166' title='bbox 328 2487 551 2551; x_wconf 86' lang='lat' dir='ltr'><strong>accuratissime</strong></span> <span class='ocrx_word' id='word_1_167' title='bbox 571 2498 672 2548; x_wconf 87' lang='lat' dir='ltr'><strong>tamen</strong></span> <span class='ocrx_word' id='word_1_168' title='bbox 691 2489 772 2547; x_wconf 88' lang='lat' dir='ltr'><strong>inter</strong></span> <span class='ocrx_word' id='word_1_169' title='bbox 790 2488 918 2548; x_wconf 89' lang='lat' dir='ltr'><strong>idealem</strong></span> <span class='ocrx_word' id='word_1_170' title='bbox 938 2485 1088 2549; x_wconf 86' lang='lat' dir='ltr'><strong>Ecclesiae</strong></span> <span class='ocrx_word' id='word_1_171' title='bbox 1105 2495 1139 2545; x_wconf 88' lang='lat' dir='ltr'><strong>ct</strong></span> <span class='ocrx_word' id='word_1_172' title='bbox 1149 2483 1323 2564; x_wconf 80' lang='lat' dir='ltr'><strong>empiricam</strong></span> 
     </span>
     <span class='ocr_line' id='line_1_22' title="bbox 188 2588 1322 2669; baseline -0.003 -21"><span class='ocrx_word' id='word_1_173' title='bbox 188 2591 255 2649; x_wconf 89' lang='lat' dir='ltr'><strong>eius</strong></span> <span class='ocrx_word' id='word_1_174' title='bbox 272 2590 428 2650; x_wconf 85' lang='lat' dir='ltr'><strong>notionem</strong></span> <span class='ocrx_word' id='word_1_175' title='bbox 445 2591 599 2652; x_wconf 89' lang='lat' dir='ltr'><strong>discrevit.</strong></span> <span class='ocrx_word' id='word_1_176' title='bbox 636 2590 703 2660; x_wconf 83' lang='lat' dir='ltr'><strong>Quo</strong></span> <span class='ocrx_word' id='word_1_177' title='bbox 721 2593 850 2660; x_wconf 86' lang='lat' dir='ltr'><strong>lactum,</strong></span> <span class='ocrx_word' id='word_1_178' title='bbox 868 2601 902 2651; x_wconf 92' lang='lat' dir='ltr'><strong>ut</strong></span> <span class='ocrx_word' id='word_1_179' title='bbox 921 2592 1048 2652; x_wconf 82' lang='lat' dir='ltr'><strong>infracto</strong></span> <span class='ocrx_word' id='word_1_180' title='bbox 1067 2588 1212 2669; x_wconf 86' lang='lat' dir='ltr'><strong>proposiai</strong></span> <span class='ocrx_word' id='word_1_181' title='bbox 1229 2597 1322 2653; x_wconf 77' lang='lat' dir='ltr'><strong>leucu</strong></span> 
     </span>
     <span class='ocr_line' id='line_1_23' title="bbox 187 2692 1323 2774; baseline 0.002 -22"><span class='ocrx_word' id='word_1_182' title='bbox 187 2703 292 2756; x_wconf 86' lang='lat' dir='ltr'><strong>noster</strong></span> <span class='ocrx_word' id='word_1_183' title='bbox 320 2693 476 2754; x_wconf 86' lang='lat' dir='ltr'><strong>ardentior</strong></span> <span class='ocrx_word' id='word_1_184' title='bbox 497 2713 616 2774; x_wconf 88' lang='lat' dir='ltr'><strong>semper</strong></span> <span class='ocrx_word' id='word_1_185' title='bbox 637 2695 745 2764; x_wconf 89' lang='lat' dir='ltr'><strong>suerit,</strong></span> <span class='ocrx_word' id='word_1_186' title='bbox 768 2705 799 2754; x_wconf 92' lang='lat' dir='ltr'><strong>et</strong></span> <span class='ocrx_word' id='word_1_187' title='bbox 821 2695 959 2755; x_wconf 91' lang='lat' dir='ltr'><strong>assiduus</strong></span> <span class='ocrx_word' id='word_1_188' title='bbox 980 2695 1078 2756; x_wconf 90' lang='lat' dir='ltr'><strong>multo</strong></span> <span class='ocrx_word' id='word_1_189' title='bbox 1099 2693 1194 2773; x_wconf 80' lang='lat' dir='ltr'><strong>magis</strong></span> <span class='ocrx_word' id='word_1_190' title='bbox 1216 2692 1248 2756; x_wconf 86' lang='lat' dir='ltr'><strong>iu</strong></span> <span class='ocrx_word' id='word_1_191' title='bbox 1269 2709 1323 2757; x_wconf 83' lang='lat' dir='ltr'><strong>sua</strong></span> 
     </span>
     <span class='ocr_line' id='line_1_24' title="bbox 187 2795 1324 2878; baseline -0.002 -23"><span class='ocrx_word' id='word_1_192' title='bbox 187 2796 318 2858; x_wconf 87' lang='lat' dir='ltr'><strong>Ecclesia</strong></span> <span class='ocrx_word' id='word_1_193' title='bbox 346 2799 554 2867; x_wconf 81' lang='lat' dir='ltr'><strong>reformande,</strong></span> <span class='ocrx_word' id='word_1_194' title='bbox 581 2808 612 2858; x_wconf 91' lang='lat' dir='ltr'><strong>et</strong></span> <span class='ocrx_word' id='word_1_195' title='bbox 641 2799 713 2858; x_wconf 81' lang='lat' dir='ltr'><strong>dun]</strong></span> <span class='ocrx_word' id='word_1_196' title='bbox 740 2799 791 2858; x_wconf 88' lang='lat' dir='ltr'><strong>alii</strong></span> <span class='ocrx_word' id='word_1_197' title='bbox 820 2799 994 2878; x_wconf 82' lang='lat' dir='ltr'><strong>imperfecta</strong></span> <span class='ocrx_word' id='word_1_198' title='bbox 1024 2817 1078 2858; x_wconf 87' lang='lat' dir='ltr'><strong>sua</strong></span> <span class='ocrx_word' id='word_1_199' title='bbox 1100 2795 1232 2861; x_wconf 74' lang='lat' dir='ltr'><strong>Ecclesia</strong></span> <span class='ocrx_word' id='word_1_200' title='bbox 1254 2812 1324 2855; x_wconf 79' lang='lat' dir='ltr'><strong>mox</strong></span> 
     </span>
     <span class='ocr_line' id='line_1_25' title="bbox 186 2897 1323 2981; baseline -0.002 -21"><span class='ocrx_word' id='word_1_201' title='bbox 186 2901 323 2960; x_wconf 89' lang='lat' dir='ltr'><strong>contenti</strong></span> <span class='ocrx_word' id='word_1_202' title='bbox 360 2902 391 2960; x_wconf 90' lang='lat' dir='ltr'><strong>ln</strong></span> <span class='ocrx_word' id='word_1_203' title='bbox 427 2901 528 2962; x_wconf 91' lang='lat' dir='ltr'><strong>medic</strong></span> <span class='ocrx_word' id='word_1_204' title='bbox 564 2903 765 2961; x_wconf 87' lang='lat' dir='ltr'><strong>consisterent</strong></span> <span class='ocrx_word' id='word_1_205' title='bbox 793 2903 906 2981; x_wconf 79' lang='lat' dir='ltr'><strong>gradu,</strong></span> <span class='ocrx_word' id='word_1_206' title='bbox 944 2903 1054 2962; x_wconf 90' lang='lat' dir='ltr'><strong>melem</strong></span> <span class='ocrx_word' id='word_1_207' title='bbox 1084 2900 1257 2974; x_wconf 81' lang='lat' dir='ltr'><strong>inchoatam</strong></span> <span class='ocrx_word' id='word_1_208' title='bbox 1285 2897 1323 2958; x_wconf 88' lang='lat' dir='ltr'><strong>de</strong></span> 
     </span>
     <span class='ocr_line' id='line_1_26' title="bbox 187 2992 1323 3083; baseline -0.001 -22"><span class='ocrx_word' id='word_1_209' title='bbox 187 3021 278 3061; x_wconf 90' lang='lat' dir='ltr'><strong>mauu</strong></span> <span class='ocrx_word' id='word_1_210' title='bbox 310 3021 474 3082; x_wconf 88' lang='lat' dir='ltr'><strong>numquam</strong></span> <span class='ocrx_word' id='word_1_211' title='bbox 507 3005 697 3083; x_wconf 86' lang='lat' dir='ltr'><strong>deposuerit,</strong></span> <span class='ocrx_word' id='word_1_212' title='bbox 731 3005 826 3064; x_wconf 91' lang='lat' dir='ltr'><strong>donec</strong></span> <span class='ocrx_word' id='word_1_213' title='bbox 860 3023 943 3064; x_wconf 87' lang='lat' dir='ltr'><strong>sacra</strong></span> <span class='ocrx_word' id='word_1_214' title='bbox 977 2992 1213 3064; x_wconf 80' lang='lat' dir='ltr'><strong>nancisceretur</strong></span> <span class='ocrx_word' id='word_1_215' title='bbox 1233 3019 1323 3080; x_wconf 84' lang='lat' dir='ltr'><strong>quam</strong></span> 
     </span>
     <span class='ocr_line' id='line_1_27' title="bbox 188 3103 1324 3184; baseline -0.001 -19"><span class='ocrx_word' id='word_1_216' title='bbox 188 3107 441 3167; x_wconf 89' lang='lat' dir='ltr'><strong>emendatissima.</strong></span> <span class='ocrx_word' id='word_1_217' title='bbox 463 3143 504 3155; x_wconf 91' lang='lat'>—</span> <span class='ocrx_word' id='word_1_218' title='bbox 525 3107 648 3176; x_wconf 88' lang='lat' dir='ltr'><strong>Restat,</strong></span> <span class='ocrx_word' id='word_1_219' title='bbox 676 3118 710 3173; x_wconf 89' lang='lat' dir='ltr'><strong>ut</strong></span> <span class='ocrx_word' id='word_1_220' title='bbox 740 3109 831 3168; x_wconf 88' lang='lat' dir='ltr'><strong>certis</strong></span> <span class='ocrx_word' id='word_1_221' title='bbox 860 3108 1042 3168; x_wconf 90' lang='lat' dir='ltr'><strong>testimoniis</strong></span> <span class='ocrx_word' id='word_1_222' title='bbox 1070 3107 1151 3167; x_wconf 88' lang='lat' dir='ltr'><strong>dieta</strong></span> <span class='ocrx_word' id='word_1_223' title='bbox 1180 3103 1324 3184; x_wconf 85' lang='lat' dir='ltr'><strong>approbe-</strong></span> 
     </span>
     <span class='ocr_line' id='line_1_28' title="bbox 188 3205 1324 3290; baseline 0 -22"><span class='ocrx_word' id='word_1_224' title='bbox 188 3229 265 3270; x_wconf 90' lang='lat' dir='ltr'><strong>mus.</strong></span> <span class='ocrx_word' id='word_1_225' title='bbox 308 3209 442 3270; x_wconf 91' lang='lat' dir='ltr'><strong>Primum</strong></span> <span class='ocrx_word' id='word_1_226' title='bbox 468 3213 574 3290; x_wconf 89' lang='lat' dir='ltr'><strong>itaque</strong></span> <span class='ocrx_word' id='word_1_227' title='bbox 596 3211 872 3272; x_wconf 87' lang='lat' dir='ltr'><strong>demonstrabimus</strong></span> <span class='ocrx_word' id='word_1_228' title='bbox 893 3212 910 3269; x_wconf 81' lang='lat' dir='ltr'><strong>d</strong></span> <span class='ocrx_word' id='word_1_229' title='bbox 933 3209 1026 3270; x_wconf 90' lang='lat' dir='ltr'><strong>Lascc</strong></span> <span class='ocrx_word' id='word_1_230' title='bbox 1047 3207 1205 3270; x_wconf 78' lang='lat' dir='ltr'><strong>Iatoisibt‘lt&#39;s</strong></span> <span class='ocrx_word' id='word_1_231' title='bbox 1226 3205 1324 3271; x_wconf 75' lang='lat' dir='ltr'><strong>Eccle-</strong></span> 
     </span>
     <span class='ocr_line' id='line_1_29' title="bbox 191 3309 1323 3395; baseline -0.001 -23"><span class='ocrx_word' id='word_1_232' title='bbox 191 3313 251 3372; x_wconf 82' lang='lat' dir='ltr'><strong>siae</strong></span> <span class='ocrx_word' id='word_1_233' title='bbox 271 3313 374 3392; x_wconf 76' lang='lat' dir='ltr'><strong>dopmno</strong></span> <span class='ocrx_word' id='word_1_234' title='bbox 394 3314 526 3374; x_wconf 83' lang='lat' dir='ltr'><strong>reiecisse</strong></span> <span class='ocrx_word' id='word_1_235' title='bbox 533 3336 544 3384; x_wconf 94' lang='lat'><em>;</em></span> <span class='ocrx_word' id='word_1_236' title='bbox 569 3335 629 3393; x_wconf 89' lang='lat' dir='ltr'><strong>qua</strong></span> <span class='ocrx_word' id='word_1_237' title='bbox 651 3315 682 3375; x_wconf 93' lang='lat' dir='ltr'><strong>in</strong></span> <span class='ocrx_word' id='word_1_238' title='bbox 705 3335 738 3374; x_wconf 90' lang='lat' dir='ltr'><strong>re</strong></span> <span class='ocrx_word' id='word_1_239' title='bbox 760 3315 876 3395; x_wconf 87' lang='lat' dir='ltr'><strong>duplici</strong></span> <span class='ocrx_word' id='word_1_240' title='bbox 894 3325 1016 3374; x_wconf 87' lang='lat' dir='ltr'><strong>uteruur</strong></span> <span class='ocrx_word' id='word_1_241' title='bbox 1037 3321 1225 3393; x_wconf 82' lang='lat' dir='ltr'><strong>argumento.</strong></span> <span class='ocrx_word' id='word_1_242' title='bbox 1266 3309 1323 3372; x_wconf 87' lang='lat' dir='ltr'><strong>Ne·</strong></span> 
     </span>
     <span class='ocr_line' id='line_1_30' title="bbox 190 3413 1324 3498; baseline 0.001 -22"><span class='ocrx_word' id='word_1_243' title='bbox 190 3416 283 3494; x_wconf 83' lang='lat' dir='ltr'><strong>potine</strong></span> <span class='ocrx_word' id='word_1_244' title='bbox 304 3437 343 3477; x_wconf 92' lang='lat' dir='ltr'><strong>sc.</strong></span> <span class='ocrx_word' id='word_1_245' title='bbox 366 3418 564 3490; x_wconf 84' lang='lat' dir='ltr'><strong>affirmamus,</strong></span> <span class='ocrx_word' id='word_1_246' title='bbox 586 3437 735 3498; x_wconf 88' lang='lat' dir='ltr'><strong>nusquam</strong></span> <span class='ocrx_word' id='word_1_247' title='bbox 755 3421 786 3479; x_wconf 92' lang='lat' dir='ltr'><strong>in</strong></span> <span class='ocrx_word' id='word_1_248' title='bbox 805 3417 890 3478; x_wconf 85' lang='lat' dir='ltr'><strong>Lasei</strong></span> <span class='ocrx_word' id='word_1_249' title='bbox 910 3417 1034 3497; x_wconf 87' lang='lat' dir='ltr'><strong>Scriptis</strong></span> <span class='ocrx_word' id='word_1_250' title='bbox 1056 3413 1238 3484; x_wconf 63' lang='lat' dir='ltr'><strong>»visibilisss’</strong></span> <span class='ocrx_word' id='word_1_251' title='bbox 1260 3415 1324 3478; x_wconf 81' lang='lat' dir='ltr'><strong>sive</strong></span> 
     </span>
     <span class='ocr_line' id='line_1_31' title="bbox 192 3517 1325 3600; baseline 0.002 -26"><span class='ocrx_word' id='word_1_252' title='bbox 192 3521 398 3581; x_wconf 66' lang='lat' dir='ltr'><strong>„invisibilis”</strong></span> <span class='ocrx_word' id='word_1_253' title='bbox 427 3523 599 3600; x_wconf 88' lang='lat' dir='ltr'><strong>praedicata</strong></span> <span class='ocrx_word' id='word_1_254' title='bbox 625 3523 662 3582; x_wconf 91' lang='lat' dir='ltr'><strong>ad</strong></span> <span class='ocrx_word' id='word_1_255' title='bbox 692 3521 856 3582; x_wconf 86' lang='lat' dir='ltr'><strong>Ecclesiam</strong></span> <span class='ocrx_word' id='word_1_256' title='bbox 885 3522 1008 3590; x_wconf 86' lang='lat' dir='ltr'><strong>relerri;</strong></span> <span class='ocrx_word' id='word_1_257' title='bbox 1037 3521 1123 3580; x_wconf 90' lang='lat' dir='ltr'><strong>cuius</strong></span> <span class='ocrx_word' id='word_1_258' title='bbox 1152 3517 1325 3598; x_wconf 76' lang='lat' dir='ltr'><strong>argumenti</strong></span> 
     </span>
     <span class='ocr_line' id='line_1_32' title="bbox 192 3619 1327 3702; baseline 0.001 -22"><span class='ocrx_word' id='word_1_259' title='bbox 192 3631 301 3682; x_wconf 87' lang='lat' dir='ltr'><strong>natura</strong></span> <span class='ocrx_word' id='word_1_260' title='bbox 320 3642 421 3684; x_wconf 91' lang='lat' dir='ltr'><strong>secum</strong></span> <span class='ocrx_word' id='word_1_261' title='bbox 439 3625 514 3694; x_wconf 86' lang='lat' dir='ltr'><strong>lert,</strong></span> <span class='ocrx_word' id='word_1_262' title='bbox 538 3633 572 3683; x_wconf 90' lang='lat' dir='ltr'><strong>ut</strong></span> <span class='ocrx_word' id='word_1_263' title='bbox 591 3624 720 3688; x_wconf 91' lang='lat' dir='ltr'><strong>ulterius</strong></span> <span class='ocrx_word' id='word_1_264' title='bbox 737 3623 883 3683; x_wconf 90' lang='lat' dir='ltr'><strong>illustrari</strong></span> <span class='ocrx_word' id='word_1_265' title='bbox 902 3632 1042 3702; x_wconf 87' lang='lat' dir='ltr'><strong>nequeat.</strong></span> <span class='ocrx_word' id='word_1_266' title='bbox 1084 3619 1207 3684; x_wconf 76' lang='lat' dir='ltr'><strong>Posiliec</strong></span> <span class='ocrx_word' id='word_1_267' title='bbox 1224 3631 1327 3684; x_wconf 82' lang='lat' dir='ltr'><strong>eutem</strong></span> 
     </span>
     <span class='ocr_line' id='line_1_33' title="bbox 193 3723 1327 3807; baseline 0.006 -24"><span class='ocrx_word' id='word_1_268' title='bbox 193 3724 401 3795; x_wconf 86' lang='lat' dir='ltr'><strong>ostendemus,</strong></span> <span class='ocrx_word' id='word_1_269' title='bbox 431 3728 501 3786; x_wconf 90' lang='lat' dir='ltr'><strong>talia</strong></span> <span class='ocrx_word' id='word_1_270' title='bbox 531 3728 562 3786; x_wconf 89' lang='lat' dir='ltr'><strong>in</strong></span> <span class='ocrx_word' id='word_1_271' title='bbox 592 3725 677 3786; x_wconf 87' lang='lat' dir='ltr'><strong>Lasei</strong></span> <span class='ocrx_word' id='word_1_272' title='bbox 706 3727 824 3807; x_wconf 88' lang='lat' dir='ltr'><strong>seriptis</strong></span> <span class='ocrx_word' id='word_1_273' title='bbox 852 3727 889 3786; x_wconf 91' lang='lat' dir='ltr'><strong>dc</strong></span> <span class='ocrx_word' id='word_1_274' title='bbox 919 3745 954 3786; x_wconf 90' lang='lat' dir='ltr'><strong>ea</strong></span> <span class='ocrx_word' id='word_1_275' title='bbox 982 3725 1148 3804; x_wconf 88' lang='lat' dir='ltr'><strong>praedicari</strong></span> <span class='ocrx_word' id='word_1_276' title='bbox 1177 3723 1327 3793; x_wconf 75' lang='lat' dir='ltr'><strong>Ecclesia,</strong></span> 
     </span>
    </p>
   </div>
   <div class='ocr_carea' id='block_1_5' title="bbox 103 3828 1327 3907">
    <p class='ocr_par' dir='ltr' id='par_1_5' title="bbox 103 3828 1327 3907">
     <span class='ocr_line' id='line_1_34' title="bbox 103 3828 1327 3907; baseline 0 -20"><span class='ocrx_word' id='word_1_277' title='bbox 103 3873 106 3880; x_wconf 77' lang='lat'><strong>,</strong></span> <span class='ocrx_word' id='word_1_278' title='bbox 193 3847 269 3907; x_wconf 91' lang='lat' dir='ltr'><strong>quae</strong></span> <span class='ocrx_word' id='word_1_279' title='bbox 299 3829 386 3889; x_wconf 80' lang='lat' dir='ltr'><strong>ebria</strong></span> <span class='ocrx_word' id='word_1_280' title='bbox 411 3831 442 3890; x_wconf 89' lang='lat' dir='ltr'><strong>in</strong></span> <span class='ocrx_word' id='word_1_281' title='bbox 473 3832 562 3893; x_wconf 90' lang='lat' dir='ltr'><strong>terris</strong></span> <span class='ocrx_word' id='word_1_282' title='bbox 590 3831 763 3890; x_wconf 88' lang='lat' dir='ltr'><strong>mortalium</strong></span> <span class='ocrx_word' id='word_1_283' title='bbox 794 3831 888 3889; x_wconf 91' lang='lat' dir='ltr'><strong>oculis</strong></span> <span class='ocrx_word' id='word_1_284' title='bbox 907 3829 1059 3896; x_wconf 89' lang='lat' dir='ltr'><strong>cernitur,</strong></span> <span class='ocrx_word' id='word_1_285' title='bbox 1086 3829 1186 3906; x_wconf 80' lang='lat' dir='ltr'><strong>qualia</strong></span> <span class='ocrx_word' id='word_1_286' title='bbox 1208 3828 1327 3891; x_wconf 72' lang='lat' dir='ltr'><strong>naemei</strong></span> 
     </span>
    </p>
   </div>
   <div class='ocr_carea' id='block_1_6' title="bbox 194 3928 1328 4522">
    <p class='ocr_par' dir='ltr' id='par_1_6' title="bbox 194 3928 1328 4522">
     <span class='ocr_line' id='line_1_35' title="bbox 194 3928 1326 4012; baseline 0.001 -23"><span class='ocrx_word' id='word_1_287' title='bbox 194 3931 231 3990; x_wconf 89' lang='lat' dir='ltr'><strong>ad</strong></span> <span class='ocrx_word' id='word_1_288' title='bbox 260 3932 440 3993; x_wconf 89' lang='lat' dir='ltr'><strong>invisibilem</strong></span> <span class='ocrx_word' id='word_1_289' title='bbox 469 3932 632 3994; x_wconf 89' lang='lat' dir='ltr'><strong>Ecclesiam</strong></span> <span class='ocrx_word' id='word_1_290' title='bbox 661 3934 768 3993; x_wconf 82' lang='lat' dir='ltr'><strong>referri</strong></span> <span class='ocrx_word' id='word_1_291' title='bbox 797 3941 921 4012; x_wconf 90' lang='lat' dir='ltr'><strong>possent</strong></span> <span class='ocrx_word' id='word_1_292' title='bbox 949 3932 1013 3990; x_wconf 91' lang='lat' dir='ltr'><strong>ulle</strong></span> <span class='ocrx_word' id='word_1_293' title='bbox 1041 3931 1148 4000; x_wconf 89' lang='lat' dir='ltr'><strong>modo,</strong></span> <span class='ocrx_word' id='word_1_294' title='bbox 1176 3930 1229 3989; x_wconf 90' lang='lat' dir='ltr'><strong>ubi</strong></span> <span class='ocrx_word' id='word_1_295' title='bbox 1251 3928 1326 3990; x_wconf 90' lang='lat' dir='ltr'><strong>haee</strong></span> 
     </span>
     <span class='ocr_line' id='line_1_36' title="bbox 195 4033 1326 4118; baseline 0 -26"><span class='ocrx_word' id='word_1_296' title='bbox 195 4033 323 4112; x_wconf 92' lang='lat' dir='ltr'><strong>duplicis</strong></span> <span class='ocrx_word' id='word_1_297' title='bbox 351 4034 502 4096; x_wconf 88' lang='lat' dir='ltr'><strong>Ecclesiae</strong></span> <span class='ocrx_word' id='word_1_298' title='bbox 531 4037 685 4108; x_wconf 83' lang='lat' dir='ltr'><strong>distinctio</strong></span> <span class='ocrx_word' id='word_1_299' title='bbox 714 4037 802 4102; x_wconf 85' lang='lat' dir='ltr'><strong>valet.</strong></span> <span class='ocrx_word' id='word_1_300' title='bbox 852 4035 917 4105; x_wconf 82' lang='lat' dir='ltr'><strong>Huc</strong></span> <span class='ocrx_word' id='word_1_301' title='bbox 945 4043 1046 4100; x_wconf 84' lang='lat' dir='ltr'><strong>autem</strong></span> <span class='ocrx_word' id='word_1_302' title='bbox 1074 4033 1173 4104; x_wconf 81' lang='lat' dir='ltr'><strong>lacere</strong></span> <span class='ocrx_word' id='word_1_303' title='bbox 1203 4033 1326 4118; x_wconf 86' lang='lat' dir='ltr'><strong>opinor,</strong></span> 
     </span>
     <span class='ocr_line' id='line_1_37' title="bbox 196 4135 1328 4216; baseline 0.002 -21"><span class='ocrx_word' id='word_1_304' title='bbox 196 4136 275 4214; x_wconf 91' lang='lat' dir='ltr'><strong>quod</strong></span> <span class='ocrx_word' id='word_1_305' title='bbox 303 4154 329 4196; x_wconf 88' lang='lat' dir='ltr'><strong>o.</strong></span> <span class='ocrx_word' id='word_1_306' title='bbox 359 4139 667 4206; x_wconf 65' lang='lat' dir='ltr'><strong>excommunicatum,</strong></span> <span class='ocrx_word' id='word_1_307' title='bbox 701 4138 751 4216; x_wconf 94' lang='lat' dir='ltr'><strong>qui</strong></span> <span class='ocrx_word' id='word_1_308' title='bbox 781 4137 999 4216; x_wconf 83' lang='lat' dir='ltr'><strong>paenitentiam</strong></span> <span class='ocrx_word' id='word_1_309' title='bbox 1027 4135 1194 4215; x_wconf 76' lang='lat' dir='ltr'><strong>professos,</strong></span> <span class='ocrx_word' id='word_1_310' title='bbox 1223 4154 1328 4197; x_wconf 90' lang='lat' dir='ltr'><strong>rursus</strong></span> 
     </span>
     <span class='ocr_line' id='line_1_38' title="bbox 196 4239 1327 4320; baseline 0.002 -22"><span class='ocrx_word' id='word_1_311' title='bbox 196 4239 227 4298; x_wconf 91' lang='lat' dir='ltr'><strong>in</strong></span> <span class='ocrx_word' id='word_1_312' title='bbox 257 4239 407 4304; x_wconf 90' lang='lat' dir='ltr'><strong>Ecclesiae</strong></span> <span class='ocrx_word' id='word_1_313' title='bbox 436 4243 536 4301; x_wconf 90' lang='lat' dir='ltr'><strong>sinum</strong></span> <span class='ocrx_word' id='word_1_314' title='bbox 564 4243 765 4320; x_wconf 90' lang='lat' dir='ltr'><strong>reciperetur,</strong></span> <span class='ocrx_word' id='word_1_315' title='bbox 796 4241 827 4300; x_wconf 91' lang='lat' dir='ltr'><strong>in</strong></span> <span class='ocrx_word' id='word_1_316' title='bbox 850 4239 930 4300; x_wconf 92' lang='lat' dir='ltr'><strong>hunc</strong></span> <span class='ocrx_word' id='word_1_317' title='bbox 951 4239 1072 4302; x_wconf 89' lang='lat' dir='ltr'><strong>medem</strong></span> <span class='ocrx_word' id='word_1_318' title='bbox 1094 4239 1206 4318; x_wconf 84' lang='lat' dir='ltr'><strong>alloqui</strong></span> <span class='ocrx_word' id='word_1_319' title='bbox 1228 4239 1327 4310; x_wconf 88' lang='lat' dir='ltr'><strong>iubet:</strong></span> 
     </span>
     <span class='ocr_line' id='line_1_39' title="bbox 197 4323 1328 4422; baseline 0 -20"><span class='ocrx_word' id='word_1_320' title='bbox 197 4342 276 4403; x_wconf 75' lang='lat' dir='ltr'><strong>»liae</strong></span> <span class='ocrx_word' id='word_1_321' title='bbox 305 4343 426 4422; x_wconf 91' lang='lat' dir='ltr'><strong>quidem</strong></span> <span class='ocrx_word' id='word_1_322' title='bbox 455 4323 630 4420; x_wconf 87' lang='lat' dir='ltr'><strong>receptione</strong></span> <span class='ocrx_word' id='word_1_323' title='bbox 658 4360 713 4401; x_wconf 90' lang='lat' dir='ltr'><strong>nos</strong></span> <span class='ocrx_word' id='word_1_324' title='bbox 742 4340 797 4400; x_wconf 89' lang='lat' dir='ltr'><strong>tibi</strong></span> <span class='ocrx_word' id='word_1_325' title='bbox 823 4341 853 4400; x_wconf 92' lang='lat' dir='ltr'><strong>in</strong></span> <span class='ocrx_word' id='word_1_326' title='bbox 876 4341 996 4400; x_wconf 90' lang='lat' dir='ltr'><strong>nomine</strong></span> <span class='ocrx_word' id='word_1_327' title='bbox 1019 4352 1050 4401; x_wconf 89' lang='lat' dir='ltr'><strong>ct</strong></span> <span class='ocrx_word' id='word_1_328' title='bbox 1072 4342 1186 4402; x_wconf 89' lang='lat' dir='ltr'><strong>virtute</strong></span> <span class='ocrx_word' id='word_1_329' title='bbox 1209 4339 1328 4402; x_wconf 81' lang='lat' dir='ltr'><strong>Domini</strong></span> 
     </span>
     <span class='ocr_line' id='line_1_40' title="bbox 197 4441 1327 4522; baseline 0.001 -18"><span class='ocrx_word' id='word_1_330' title='bbox 197 4446 314 4505; x_wconf 81' lang='lat' dir='ltr'><strong>»nostri</strong></span> <span class='ocrx_word' id='word_1_331' title='bbox 333 4445 400 4505; x_wconf 86' lang='lat' dir='ltr'><strong>lesu</strong></span> <span class='ocrx_word' id='word_1_332' title='bbox 422 4444 533 4515; x_wconf 85' lang='lat' dir='ltr'><strong>Christi</strong></span> <span class='ocrx_word' id='word_1_333' title='bbox 556 4443 769 4512; x_wconf 83' lang='lat' dir='ltr'><strong>testificamur,</strong></span> <span class='ocrx_word' id='word_1_334' title='bbox 792 4453 838 4514; x_wconf 88' lang='lat' dir='ltr'><strong>te,</strong></span> <span class='ocrx_word' id='word_1_335' title='bbox 857 4444 909 4522; x_wconf 90' lang='lat' dir='ltr'><strong>qui</strong></span> <span class='ocrx_word' id='word_1_336' title='bbox 928 4441 1056 4512; x_wconf 87' lang='lat' dir='ltr'><strong>Satanae</strong></span> <span class='ocrx_word' id='word_1_337' title='bbox 1075 4444 1242 4518; x_wconf 76' lang='lat' dir='ltr'><strong>membrum</strong></span> <span class='ocrx_word' id='word_1_338' title='bbox 1261 4464 1327 4514; x_wconf 81' lang='lat' dir='ltr'><strong>esse</strong></span> 
     </span>
    </p>
   </div>
   <div class='ocr_carea' id='block_1_7' title="bbox 199 4546 1329 4685">
    <p class='ocr_par' dir='ltr' id='par_1_7' title="bbox 199 4546 1329 4685">
     <span class='ocr_line' id='line_1_41' title="bbox 199 4546 1329 4628; baseline 0 -20"><span class='ocrx_word' id='word_1_339' title='bbox 199 4566 381 4628; x_wconf 75' lang='lat' dir='ltr'><strong>acceperas,</strong></span> <span class='ocrx_word' id='word_1_340' title='bbox 415 4548 474 4609; x_wconf 84' lang='lat' dir='ltr'><strong>inm</strong></span> <span class='ocrx_word' id='word_1_341' title='bbox 506 4564 623 4607; x_wconf 82' lang='lat' dir='ltr'><strong>rursum</strong></span> <span class='ocrx_word' id='word_1_342' title='bbox 655 4565 714 4606; x_wconf 87' lang='lat' dir='ltr'><strong>esse</strong></span> <span class='ocrx_word' id='word_1_343' title='bbox 744 4546 901 4620; x_wconf 76' lang='lat' dir='ltr'><strong>membrum</strong></span> <span class='ocrx_word' id='word_1_344' title='bbox 933 4547 1070 4606; x_wconf 75' lang='lat' dir='ltr'><strong>sacrosan·</strong></span> <span class='ocrx_word' id='word_1_345' title='bbox 1088 4548 1218 4626; x_wconf 82' lang='lat' dir='ltr'><strong>corporis</strong></span> <span class='ocrx_word' id='word_1_346' title='bbox 1248 4547 1329 4608; x_wconf 80' lang='lat' dir='ltr'><strong>Chri·</strong></span> 
     </span>
     <span class='ocr_line' id='line_1_42' title="bbox 1157 4647 1185 4685; baseline 0 -13"><span class='ocrx_word' id='word_1_347' title='bbox 1157 4647 1185 4685; x_wconf 62' lang='lat'><strong>8·</strong></span> 
     </span>
    </p>
   </div>
   <div class='ocr_carea' id='block_1_8' title="bbox 0 0 1645 5100">
    <p class='ocr_par' dir='ltr' id='par_1_8' title="bbox 0 0 1645 5100">
     <span class='ocr_line' id='line_1_43' title="bbox 0 0 1645 5100; baseline 0 0"><span class='ocrx_word' id='word_1_348' title='bbox 0 0 1645 5100; x_wconf 95' lang='lat' dir='ltr'><strong> </strong></span> 
     </span>
    </p>
   </div>
  </div>
 </body>
</html>
