3240 5100
804 301 862 363 tot

268 508 330 569 siae
352 504 532 568 relationem
552 507 679 576 attinet,
700 504 842 567 Calvinus
861 503 1043 566 ludaeorum
1064 503 1274 565 Eheooratiam
1295 502 1328 564 iu
1349 499 1403 562 Ec·

268 613 360 674 clesia
381 609 552 672 Christiana
573 611 724 679 restituit,
745 611 882 691 adeoque
903 621 1019 671 tantam
1040 609 1231 689 magistratui
1253 609 1284 668 in
1306 606 1404 666 Eccle-

269 716 343 777 siam
364 714 558 776 efficientiam
587 715 712 785 tribuit,
739 725 775 775 ut
803 714 961 795 approbari
988 715 1016 776 ei
1042 713 1174 775 debeant
1195 721 1330 792 pastores
1350 708 1405 770 Ee·

269 820 380 882 etesiae
402 837 523 888 omnes,
544 819 680 880 seniores
700 829 792 900 atque
813 819 949 887 diaconi3
974 837 991 878 c
1013 835 1068 879 suo
1089 817 1190 878 medio
1210 817 1406 896 magistratus

272 941 327 1004 pro
355 922 446 984 libitu
475 940 530 982 suo
557 921 697 1003 deleget,
725 921 777 1002 qui
806 921 935 986 senioris
961 931 1052 1001 atque
1080 921 1199 982 diaconi
1226 937 1353 980 munere
1374 919 1406 978 in

273 1025 405 1087 Ecclesia
426 1025 561 1086 iuncturi
583 1028 660 1096 sint;
682 1027 752 1088 lites
772 1036 933 1108 componat
960 1027 999 1087 de
1027 1027 1183 1087 doetrinae
1205 1041 1353 1084 consensu
1374 1021 1408 1082 io

273 1138 427 1210 pastorum
455 1129 584 1209 collegio
613 1129 750 1198 obortas;
772 1129 873 1209 gladio
895 1128 1027 1206 denique
1049 1147 1065 1187 a
1088 1126 1150 1188 lico
1172 1127 1228 1188 sibi
1250 1126 1409 1186 commisso
1513 1205 1518 1210 Ι

274 1232 496 1294 animadvertat
524 1234 555 1293 in
584 1251 652 1302 eos,
673 1234 726 1312 qui
747 1233 886 1294 haeresin
909 1234 972 1293 sive
994 1232 1121 1292 soliisma
1143 1233 1174 1294 in
1197 1231 1327 1293 Ecclesia
1347 1249 1410 1290 mo·

274 1337 397 1398 llantur.
439 1335 474 1396 In
502 1334 587 1397 Lasci
616 1355 737 1417 quoque
767 1337 897 1397 Ecclesia
918 1337 1032 1397 veteris
1058 1335 1254 1397 Theocratiae
1284 1334 1411 1414 vestigia

275 1440 382 1501 ubiubi
404 1441 684 1522 deprehenduntur.
716 1439 823 1502 Melius
841 1451 955 1509 tamen,
977 1459 1067 1521 quam
1085 1440 1241 1509 Calvinus,
1263 1439 1411 1500 Ecclesiae

277 1545 412 1606 libertati
438 1545 592 1606 consuluit
619 1555 651 1606 et
680 1545 800 1605 nonnisi
823 1544 902 1604 eirea
923 1561 1009 1605 suero
1029 1546 1076 1604 ius
1097 1544 1178 1605 civili
1199 1543 1323 1623 politiae
1342 1561 1413 1602 can·

277 1648 376 1708 cessit.
429 1646 517 1709 lubet
556 1649 766 1729 magistratum
803 1647 956 1708 Ecclesiae
987 1647 1220 1708 necessitatibus
1251 1646 1414 1707 subvenire

277 1763 370 1830 atquc
398 1754 586 1832 prospicere,
614 1753 695 1812 tueri
724 1750 888 1812 Ecclesiam
917 1771 951 1811 ac
980 1769 1159 1832 promovere
1184 1751 1250 1812 eius
1271 1752 1414 1831 gloriam,

279 1855 429 1936 publicam
450 1856 583 1936 denique
605 1855 796 1917 honestatem
819 1855 960 1936 religiose
981 1854 1149 1924 custodire,
1176 1855 1276 1916 omnia
1298 1864 1416 1921 autem,

280 1979 356 2039 quae
389 1960 483 2039 ipsam
515 1961 694 2040 religionem
726 1969 878 2040 spectant,
911 1957 1062 2020 Ecclesiae
1090 1959 1203 2020 iudicio
1232 1959 1416 2039 permittere.

281 2061 344 2123 Hoc
373 2081 493 2142 quoque
522 2065 643 2125 nomine
666 2084 683 2124 a
705 2064 828 2125 Calvino
850 2063 959 2131 distat,
981 2064 1063 2142 quod
1084 2064 1275 2145 magistratui
1297 2063 1418 2125 nonnisi

282 2166 366 2228 verbi
387 2167 542 2229 ministros
562 2167 772 2250 approbandos
793 2185 860 2228 esse
881 2177 1013 2228 censeat

357 2374 378 2456 §
399 2378 427 2436 6.
472 2375 648 2451 Quariates
669 2393 700 2436 se
719 2374 834 2436 dinosa
851 2373 1027 2453 meccedem
1047 2373 1142 2439 damn
1163 2373 1340 2454 compositio,

679 2478 801 2540 motor
821 2483 1012 2540 reornantur.

321 2687 435 2748 Clamat
464 2705 513 2747 res
543 2688 624 2767 ipsa,
652 2687 725 2747 satis
753 2703 881 2766 magnae
910 2685 1096 2749 diversitatis
1125 2685 1253 2755 indicia,
1274 2677 1423 2766 quibusa

280 2811 312 2853 se
334 2791 464 2852 invicem
486 2791 691 2870 seiunguutur
713 2789 829 2850 Calvini
851 2787 999 2877 Lascique
1021 2789 1059 2850 de
1081 2788 1214 2850 Ecclesia
1236 2791 1423 2858 sententiae,

280 2914 419 2976 quaeque
449 2915 503 2976 pcr
532 2913 652 2956 omnem
682 2911 789 2955 eorum
818 2895 1061 2975 Ecclesiologiam
1090 2895 1171 2954 clare
1193 2893 1308 2972 ubique
1329 2893 1423 2972 pellu-

280 3009 368 3068 cent,
399 3019 417 3060 e
445 2999 597 3060 communi
629 2998 714 3058 fonte
743 2997 909 3058 derivanda
937 3015 1017 3067 esse,
1050 3009 1081 3058 et
1111 3008 1184 3058 tune
1213 2998 1336 3058 demum
1364 2997 1423 3056 rite

280 3103 434 3164 aestimari
467 3121 568 3183 posse,
602 3103 626 3162 si
659 3102 740 3162 unde
776 3103 946 3162 necessarie
982 3099 1184 3181 profluxerint
1220 3101 1423 3179 duxerintque

282 3206 480 3288 principium,
508 3205 696 3285 paucissimis
722 3205 754 3264 in
784 3203 845 3264 fine
867 3205 1089 3284 disquisitionis
1110 3217 1231 3266 nostrae
1254 3205 1423 3285 expositum

282 3310 350 3370 erit.
384 3307 497 3378 Quodsi
527 3309 608 3369 inter
631 3327 735 3370 omnes
756 3318 887 3378 constat,
910 3310 1055 3388 quicquid
1077 3290 1251 3390 peregerint
1272 3309 1424 3370 Reforma-

284 3425 382 3483 tores,
400 3413 547 3494 imprimis
565 3430 601 3473 ex
621 3431 725 3474 eorum
745 3412 889 3472 adversus
908 3413 1083 3482 Ecclesiam,
1104 3433 1194 3492 quam
1213 3414 1424 3480 deseruerant,

284 3515 430 3577 antithesi
460 3515 656 3596 spectandum
682 3533 764 3584 esse,
793 3515 824 3576 id
854 3517 976 3596 utrique
1005 3527 1109 3577 nostro
1138 3535 1296 3580 commune
1318 3536 1424 3598 propo·

285 3621 376 3682 situm
397 3619 489 3680 luisse
510 3619 633 3680 videtur
654 3619 830 3688 eonsilium,
852 3631 886 3680 ut
908 3621 1073 3701 simplicem
1094 3623 1192 3692 illam,
1213 3623 1343 3683 necdum
1366 3621 1424 3681 An-

286 3721 418 3783 tiebristi
446 3720 693 3781 innovationibus
719 3721 913 3800 depravatam
936 3724 1084 3785 Ecclesiae
1107 3726 1253 3805 speciem,
1275 3726 1372 3804 qualis
1393 3725 1424 3784 in

287 3824 467 3906 apostolicis
488 3825 608 3904 seriptis
629 3825 782 3886 delineata
804 3826 1060 3907 deprehenditur,
1081 3848 1184 3910 presse
1206 3831 1237 3890 in
1256 3847 1308 3890 sua
1328 3830 1425 3889 Eccle·
1519 3851 1521 3856 ·

287 3931 330 3991 sia
352 3928 509 3990 condenda
532 3929 742 3999 imitarentur,
765 3931 846 3991 unde
868 3942 975 4011 sponte
997 3933 1192 4013 intelligitur,
1214 3953 1268 3994 eur
1287 3943 1346 3994 tam
1365 3952 1425 3994 ma·

287 4035 370 4114 ligne
406 4043 534 4112 uterque
571 4033 670 4094 cultus
702 4035 895 4115 splendidum
925 4047 1065 4098 ornatum
1094 4037 1233 4099 funditus
1261 4037 1426 4104 aboleant,

288 4137 398 4216 quippe
428 4157 445 4197 a
474 4137 644 4217 primaevae
674 4138 730 4200 sub
759 4138 910 4218 Apostolis
939 4139 1089 4202 Ecclesiae
1119 4142 1311 4222 simplicitate
1337 4140 1426 4201 vehe-

288 4249 409 4301 menter
436 4239 672 4321 discrepantem
701 4261 755 4302 eur
784 4253 919 4304 extrema
947 4243 1136 4306 hierarchiae
1165 4246 1278 4326 papalis
1300 4244 1426 4324 vestigia

290 4355 351 4406 tam
380 4343 497 4404 infense
526 4347 677 4426 prosecuti
699 4347 775 4415 sint,
797 4366 896 4428 neque
918 4349 1099 4428 grandisona
1122 4349 1334 4432 Episcoporum
1356 4349 1427 4408 alio·

290 4468 420 4530 ronique
448 4449 626 4530 pontificum
654 4451 775 4516 nornina
798 4453 973 4516 ullomodo
995 4453 1074 4516 serre
1097 4455 1128 4514 in
1150 4472 1203 4514 sua
1225 4453 1355 4514 Ecclesia
1377 4470 1428 4532 po·

292 4554 424 4624 tuerint3
446 4573 500 4615 cur
517 4555 649 4636 denique
663 4555 700 4622 ‚in
718 4556 862 4620 universo
873 4558 1018 4622 radicitus
1029 4559 1196 4640 exstirpare
1208 4558 1325 4624 soleant
1337 4567 1428 4637 atque
