3228 5102
747 281 783 344 El

205 481 290 544 Valet
305 482 369 574 'hoc
391 501 510 564 quoque
532 483 612 564 apud
633 484 764 544 infantes
784 501 891 544 recens
912 492 1014 553 natea,
1043 485 1094 564 qui
1116 485 1196 545 vitae
1218 484 1269 544 vix
1291 484 1335 544 iu·

204 585 329 647 choatae
358 586 449 648 [inem
478 606 548 647 mox
577 589 749 668 imponunt,
782 607 843 647 »cx
870 606 929 666 qua
959 598 1058 648 tamen
1088 598 1187 649 aetate
1213 588 1336 648 omuino

204 690 319 769 »aliqui
347 702 508 752 servantur
526 691 578 772 ²⁷),
607 709 681 770 quos
706 692 782 751 adeo
808 701 879 750 ante
901 709 918 752 a
940 688 1066 750 Domino
1088 693 1262 772 regenerari
1285 710 1336 752 ne·

204 811 310 854 »cesse
332 803 378 854 εει
396 793 468 875 ²⁸),'’
491 813 599 872 quum,
632 804 816 874 »antequam
838 804 1048 864 nascerentur,
1070 813 1102 855 se
1121 795 1264 875 adoptare
1285 813 1337 857 eos

206 898 259 957 »in
281 916 351 958 suos
373 898 549 978 pronuntiat
571 897 651 958 Deus
673 897 735 979 ἠδ’

245 1000 377 1082 Duplicis
408 1003 458 1062 illa
487 1002 638 1064 Ecclesiae
667 1003 819 1070 doctrina,
848 1003 967 1082 qualem
990 1003 1130 1084 exposuit
1152 1022 1217 1064 eam
1241 1001 1336 1065 Calvi·

103 1173 104 1176 ,
204 1123 283 1173 nus,
309 1106 404 1166 valuit
429 1107 533 1185 procul
556 1105 649 1166 dubio
670 1105 708 1166 ad
729 1106 917 1166 materialem
939 1105 1089 1167 Ecclesiae
1111 1107 1267 1167 notionem
1289 1107 1337 1166 cui

203 1208 471 1288 patrocinabantur
498 1207 717 1277 RomanenseS,
745 1209 882 1269 funditus
911 1210 1122 1280 evertendam,
1151 1211 1207 1290 ipsi
1236 1219 1338 1270 autem

203 1312 235 1374 in
264 1313 441 1392 dogmaticis
469 1313 507 1372 de
536 1312 668 1372 Ecclesia
696 1314 762 1372 loco
790 1312 867 1372 nihil
892 1296 956 1372 lere
981 1313 1057 1374 lucis
1079 1314 1190 1374 attulit.
1233 1313 1339 1374 Invisi-

203 1415 272 1478 bilis
300 1418 382 1477 enim
413 1425 445 1477 ει
474 1416 599 1477 visibilis
627 1417 678 1475 illa
706 1414 839 1476 Ecclesia
868 1425 930 1476 tam
955 1417 1064 1476 misere
1086 1417 1124 1477 ab
1145 1435 1182 1477 eo
1203 1417 1285 1477 inter
1307 1436 1338 1478 se

204 1519 345 1580 confusae
374 1529 446 1581 sunt
474 1531 565 1599 atque
593 1521 776 1600 permixtae,
804 1529 839 1580 ut
867 1521 986 1600 saepius
1018 1520 1139 1581 sibimet
1171 1522 1234 1600 ipse
1258 1519 1338 1580 oblo-

203 1632 291 1683 cutus
319 1629 374 1692 sit,
403 1623 568 1684 irretiverit
597 1641 679 1691 sese,
708 1641 828 1682 omnem
853 1623 986 1702 denique
1008 1621 1159 1683 Ecclesiae
1181 1624 1337 1684 notionem

203 1726 278 1787 adeo
307 1727 490 1807 implicuerit
512 1737 542 1786 et
565 1726 808 1796 conturbaverit,
830 1735 865 1786 ut
886 1728 1043 1806 perspicua
1065 1737 1096 1786 et
1117 1727 1251 1788 dilucida
1272 1727 1338 1787 eius

203 1830 241 1891 de
270 1829 402 1892 Ecclesia
427 1832 596 1891 sententiae
618 1831 765 1910 expositio
786 1831 898 1890 frustra
920 1849 937 1890 e
959 1831 1078 1911 scriptis
1099 1831 1192 1910 ipsius
1214 1849 1338 1910 quaera-

204 1944 262 1995 tur.
304 1934 393 1996 Gerto
426 1935 476 1996 illa
506 1935 665 2013 utriusque
695 1932 845 1994 Ecclesiae
874 1934 1011 1994 conlusio
1039 1933 1278 2013 deprehenditur
1306 1936 1338 1994 in

203 2037 471 2117 interpretat-ione,
493 2057 583 2115 quam
605 2038 642 2098 de
665 2056 701 2097 eo
723 2037 887 2118 apostolici
906 2036 1042 2117 Symboli
1060 2039 1200 2108 articulo,
1223 2039 1274 2118 qui
1293 2047 1340 2098 cst

203 2141 241 2202 de
270 2139 417 2209 Ecclesia,
446 2142 546 2200 statim
572 2143 603 2201 in
625 2141 713 2201 initio
734 2140 783 2202 ll(i
803 2141 874 2202 lost.
896 2141 956 2202 Rel.
981 2140 1084 2202 Christ.
1113 2143 1183 2202 libri
1205 2141 1337 2202 exhibet.

203 2243 282 2305 Dicit
309 2245 340 2303 in
366 2243 387 2324 p
416 2246 443 2304 2
472 2246 632 2304 articulum
660 2246 746 2305 illum
775 2263 837 2305 non
865 2244 1027 2324 legendum
1057 2264 1137 2306 esse:
1166 2246 1280 2306 »credo
1305 2245 1338 2305 io

204 2348 408 2409 »Ecclesiam''
436 2368 513 2429 sqq,
542 2351 595 2410 sed
621 2350 728 2410 omissa
757 2349 993 2430 praepositione:
1022 2349 1135 2410 »credo
1157 2349 1337 2418 Ecclesiam,

204 2472 330 2522 aunam,
362 2463 508 2522 sanctam,
540 2452 747 2514 catholicam.’'
797 2451 890 2513 »Ideo
919 2453 999 2512 enim
1028 2452 1153 2513 eredere
1182 2451 1214 2511 io
1243 2451 1338 2514 Deum

204 2575 278 2617 anos
308 2565 470 2626 testamur,
502 2558 583 2636 quod
615 2558 646 2617 in
678 2559 776 2638 ipsum
797 2565 831 2616 ut
860 2575 998 2617 veracem
1027 2557 1144 2616 animus
1172 2565 1277 2617 noster
1305 2575 1337 2616 se

203 2661 367 2730 »reclinat
396 2671 426 2721 et
455 2660 564 2721 fiducia
592 2671 696 2721 nostra
724 2662 755 2720 in
784 2661 849 2740 ipso
875 2660 1054 2740 acquiescit:
1080 2661 1161 2740 quod
1182 2661 1213 2719 in
1236 2659 1336 2720 Eccle-

199 2763 296 2822 »siam
317 2781 377 2822 non
399 2763 441 2822 ita
463 2761 714 2842 conveniret³⁰).''
756 2761 920 2822 Ecclesiam
942 2762 1099 2830 eredimus,
1120 2763 1139 2822 i.
1158 2781 1183 2822 e.
1206 2762 1335 2823 firmiter

198 2866 286 2926 nobis
307 2884 482 2945 persuasum
512 2875 572 2935 est,
605 2865 763 2945 »quamvis
791 2865 829 2924 ad
857 2866 1037 2926 diruendam
1066 2865 1177 2926 Christi
1206 2869 1334 2947 gratiam

200 2988 327 3054 »omnes
353 2969 468 3049 lapides
488 2979 609 3030 moveat
631 2969 842 3039 diabolus...,
864 2988 925 3030 non
948 2988 1033 3050 posse
1056 2980 1158 3031 tamen
1180 2972 1334 3051 extingui,

200 3093 278 3134 »nee
307 3073 441 3134 sterilem
470 3073 558 3134 reddi
587 3072 698 3133 Christi
728 3073 921 3152 sanguinem,
950 3075 1024 3152 quin
1048 3074 1181 3133 fructum
1203 3074 1334 3152 aliquem

200 3179 367 3258 »producat
369 3222 471 3238 ......
514 3175 656 3246 Quamvis
679 3195 751 3256 ergo
774 3177 870 3235 tristis
888 3177 1025 3246 vastitas,
1047 3196 1123 3255 quac
1141 3175 1229 3236 nobis
1247 3176 1333 3236 undi-

200 3301 280 3361 »que
303 3282 448 3350 occurrit,
470 3280 547 3340 nihil
568 3279 720 3340 Ecclesiae.
743 3279 897 3339 residuum
919 3298 984 3340 esse
1006 3281 1168 3350 clamet„
1190 3281 1333 3350 sciamus,

199 3383 317 3462 »Deum
338 3385 518 3444 mirabiliter
539 3383 702 3444 Ecclesiam
720 3402 819 3451 suam,
842 3383 926 3462 quasi
945 3385 976 3442 in
994 3383 1119 3443 latebris
1138 3401 1258 3445 servare
1271 3383 1333 3462 31).”

199 3486 332 3568 Intelligi
353 3487 428 3548 haec
450 3497 575 3567 possunt
596 3497 627 3547 et
650 3487 726 3548 bene
745 3489 826 3548 inter
844 3505 875 3548 se
894 3487 1069 3549 cohaerent:
1091 3487 1236 3556 Ecclesia,
1255 3508 1332 3568 quae

199 3601 245 3651 est
273 3591 448 3659 invisibilis,
476 3611 565 3670 quam
594 3593 766 3672 conspicere
795 3610 856 3652 non
885 3602 986 3671 potes,
1014 3593 1080 3652 iure
1109 3611 1163 3652 suo
1189 3591 1333 3652 credendi

200 3694 352 3755 obiectum
381 3713 446 3754 esse
475 3695 568 3774 ponit.
611 3692 679 3754 llox
707 3704 809 3755 autem
835 3695 944 3755 misere
973 3695 1010 3755 de
1032 3704 1116 3755 recto
1138 3695 1260 3756 tramite
1281 3694 1332 3754 de-

199 3799 309 3866 viavit,
334 3799 364 3858 in
393 3798 414 3880 ι
439 3797 457 3858 3
486 3799 528 3858 ita
557 3816 700 3878 pergens:
733 3797 942 3876 »Quamquam
971 3799 1115 3858 articulus
1144 3798 1271 3877 symboli
1294 3801 1333 3859 ad

200 3911 380 3962 »externam
408 3921 527 3981 quoque
556 3900 720 3962 Ecclesiam
749 3901 939 3980 aliquatenus
965 3900 1177 3980 portiuet³²)!'
1198 3935 1239 3947 -
1261 3900 1331 3971 Qui-

199 4025 268 4067 nam
297 4008 378 4066 inter
405 4005 557 4066 Ecclesiae
586 4005 683 4066 socios
712 4025 728 4064 a
758 4003 819 4064 Deo
849 4004 960 4064 sintin
983 4004 1149 4064 electorum
1170 4023 1331 4066 numerum

199 4109 302 4178 relati,
335 4129 476 4170 arcanum
504 4108 558 4170 Dei
588 4119 634 4170 est
662 4108 859 4188 mysterium,
890 4107 960 4186 quia
988 4116 1090 4168 tamen
1119 4108 1332 4188 »aliquatenus

228 4371 259 4434 π)
277 4373 338 4420 ma
355 4370 398 4421 rv.
416 4371 456 4421 ro.
474 4369 514 4422 u.
614 4367 646 4431 a)
664 4368 699 4418 u.

228 4456 259 4519 a)
278 4451 340 4505 rar.
356 4454 399 4506 1v.
418 4452 458 4504 15.
476 4451 520 4512 ao,
537 4452 566 4502 o.
585 4450 619 4502 a.
636 4451 679 4502 rv.
698 4452 736 4504 ro.
755 4453 778 4506 v.
1048 4477 1051 4482 -

227 4537 259 4601 3ο)
277 4539 338 4587 rear.
356 4535 398 4587 1v.
418 4536 441 4585 1.
460 4534 482 4585 2.
583 4532 615 4596 ε)
633 4532 669 4583 n.
770 4533 802 4596 32)
821 4535 881 4586 mr.
899 4530 942 4582 1v.
961 4530 983 4581 1.
1002 4531 1026 4580 a.
