<?xml version="1.0" encoding="UTF-8"?>
<!DOCTYPE html PUBLIC "-//W3C//DTD XHTML 1.0 Transitional//EN"
    "http://www.w3.org/TR/xhtml1/DTD/xhtml1-transitional.dtd">
<html xmlns="http://www.w3.org/1999/xhtml" xml:lang="en" lang="en">
 <head>
  <title>
</title>
<meta http-equiv="Content-Type" content="text/html;charset=utf-8" />
  <meta name='ocr-system' content='tesseract 3.04.00' />
  <meta name='ocr-capabilities' content='ocr_page ocr_carea ocr_par ocr_line ocrx_word'/>
</head>
<body>
  <div class='ocr_page' id='page_1' title='image "./disquisitiohist00kuypgoog_0192.png"; bbox 0 0 3240 5100; ppageno 0'>
   <div class='ocr_carea' id='block_1_1' title="bbox 800 258 861 334">
    <p class='ocr_par' dir='ltr' id='par_1_1' title="bbox 800 258 861 334">
     <span class='ocr_line' id='line_1_1' title="bbox 800 258 861 334; baseline 0 -12"><span class='ocrx_word' id='word_1_1' title='bbox 800 258 861 334; x_wconf 79' lang='lat' dir='ltr'><strong>tto</strong></span> 
     </span>
    </p>
   </div>
   <div class='ocr_carea' id='block_1_2' title="bbox 180 458 1412 2824">
    <p class='ocr_par' dir='ltr' id='par_1_2' title="bbox 180 458 1412 2824">
     <span class='ocr_line' id='line_1_2' title="bbox 262 458 1399 542; baseline -0.005 -14"><span class='ocrx_word' id='word_1_2' title='bbox 262 458 421 542; x_wconf 67' lang='lat' dir='ltr'><strong>Euangelii</strong></span> <span class='ocrx_word' id='word_1_3' title='bbox 442 461 545 531; x_wconf 85' lang='lat' dir='ltr'><strong>lumen</strong></span> <span class='ocrx_word' id='word_1_4' title='bbox 566 460 721 542; x_wconf 69' lang='lat' dir='ltr'><strong>praeferre</strong></span> <span class='ocrx_word' id='word_1_5' title='bbox 742 461 780 524; x_wconf 91' lang='lat' dir='ltr'><strong>iis</strong></span> <span class='ocrx_word' id='word_1_6' title='bbox 800 461 920 540; x_wconf 82' lang='lat' dir='ltr'><strong>malint,</strong></span> <span class='ocrx_word' id='word_1_7' title='bbox 942 460 994 542; x_wconf 89' lang='lat' dir='ltr'><strong>qui</strong></span> <span class='ocrx_word' id='word_1_8' title='bbox 1012 460 1044 522; x_wconf 92' lang='lat' dir='ltr'><strong>in</strong></span> <span class='ocrx_word' id='word_1_9' title='bbox 1062 460 1198 524; x_wconf 87' lang='lat' dir='ltr'><strong>tenebris</strong></span> <span class='ocrx_word' id='word_1_10' title='bbox 1215 458 1314 525; x_wconf 82' lang='lat' dir='ltr'><strong>adhuc</strong></span> <span class='ocrx_word' id='word_1_11' title='bbox 1331 477 1399 525; x_wconf 86' lang='lat' dir='ltr'><strong>ver·</strong></span> 
     </span>
     <span class='ocr_line' id='line_1_3' title="bbox 263 563 1399 648; baseline 0.004 -22"><span class='ocrx_word' id='word_1_12' title='bbox 263 574 385 642; x_wconf 79' lang='lat' dir='ltr'><strong>santur,</strong></span> <span class='ocrx_word' id='word_1_13' title='bbox 410 574 504 644; x_wconf 81' lang='lat' dir='ltr'><strong>atque</strong></span> <span class='ocrx_word' id='word_1_14' title='bbox 526 564 670 642; x_wconf 76' lang='lat' dir='ltr'><strong>oberrant</strong></span> <span class='ocrx_word' id='word_1_15' title='bbox 686 565 716 648; x_wconf 75' lang='lat' dir='ltr'><strong>l).</strong></span> <span class='ocrx_word' id='word_1_16' title='bbox 758 564 854 644; x_wconf 82' lang='lat' dir='ltr'><strong>Multo</strong></span> <span class='ocrx_word' id='word_1_17' title='bbox 879 567 970 626; x_wconf 85' lang='lat' dir='ltr'><strong>etiam</strong></span> <span class='ocrx_word' id='word_1_18' title='bbox 994 565 1154 647; x_wconf 76' lang='lat' dir='ltr'><strong>benignius</strong></span> <span class='ocrx_word' id='word_1_19' title='bbox 1176 576 1279 630; x_wconf 85' lang='lat' dir='ltr'><strong>autem</strong></span> <span class='ocrx_word' id='word_1_20' title='bbox 1300 565 1338 626; x_wconf 80' lang='lat' dir='ltr'><strong>de</strong></span> <span class='ocrx_word' id='word_1_21' title='bbox 1360 563 1399 632; x_wconf 82' lang='lat' dir='ltr'><strong>tis</strong></span> 
     </span>
     <span class='ocr_line' id='line_1_4' title="bbox 259 668 1400 750; baseline 0.003 -22"><span class='ocrx_word' id='word_1_22' title='bbox 259 669 377 730; x_wconf 79' lang='lat' dir='ltr'><strong>sentire</strong></span> <span class='ocrx_word' id='word_1_23' title='bbox 398 669 491 744; x_wconf 84' lang='lat' dir='ltr'><strong>solet,</strong></span> <span class='ocrx_word' id='word_1_24' title='bbox 515 669 568 750; x_wconf 91' lang='lat' dir='ltr'><strong>qui</strong></span> <span class='ocrx_word' id='word_1_25' title='bbox 590 671 671 730; x_wconf 92' lang='lat' dir='ltr'><strong>inter</strong></span> <span class='ocrx_word' id='word_1_26' title='bbox 693 668 900 730; x_wconf 70' lang='lat' dir='ltr'><strong>protestantes</strong></span> <span class='ocrx_word' id='word_1_27' title='bbox 920 670 1069 730; x_wconf 82' lang='lat' dir='ltr'><strong>diversam</strong></span> <span class='ocrx_word' id='word_1_28' title='bbox 1091 669 1231 730; x_wconf 90' lang='lat' dir='ltr'><strong>nonnihil</strong></span> <span class='ocrx_word' id='word_1_29' title='bbox 1256 670 1288 740; x_wconf 83' lang='lat' dir='ltr'><strong>iu</strong></span> <span class='ocrx_word' id='word_1_30' title='bbox 1308 670 1400 732; x_wconf 88' lang='lat' dir='ltr'><strong>saeris</strong></span> 
     </span>
     <span class='ocr_line' id='line_1_5' title="bbox 264 772 1399 854; baseline -0.002 -20"><span class='ocrx_word' id='word_1_31' title='bbox 264 772 461 852; x_wconf 73' lang='lat' dir='ltr'><strong>emendandis</strong></span> <span class='ocrx_word' id='word_1_32' title='bbox 481 774 609 854; x_wconf 78' lang='lat' dir='ltr'><strong>ingressi</strong></span> <span class='ocrx_word' id='word_1_33' title='bbox 631 784 719 850; x_wconf 81' lang='lat' dir='ltr'><strong>crant</strong></span> <span class='ocrx_word' id='word_1_34' title='bbox 742 775 829 837; x_wconf 86' lang='lat' dir='ltr'><strong>viam.</strong></span> <span class='ocrx_word' id='word_1_35' title='bbox 869 773 1107 854; x_wconf 70' lang='lat' dir='ltr'><strong>Quamcunque</strong></span> <span class='ocrx_word' id='word_1_36' title='bbox 1130 774 1169 834; x_wconf 88' lang='lat' dir='ltr'><strong>sit</strong></span> <span class='ocrx_word' id='word_1_37' title='bbox 1191 773 1229 834; x_wconf 93' lang='lat' dir='ltr'><strong>ab</strong></span> <span class='ocrx_word' id='word_1_38' title='bbox 1252 774 1311 834; x_wconf 91' lang='lat' dir='ltr'><strong>illis</strong></span> <span class='ocrx_word' id='word_1_39' title='bbox 1331 791 1399 850; x_wconf 83' lang='lat' dir='ltr'><strong>sen·</strong></span> 
     </span>
     <span class='ocr_line' id='line_1_6' title="bbox 264 875 1400 958; baseline -0.004 -16"><span class='ocrx_word' id='word_1_40' title='bbox 264 877 379 942; x_wconf 76' lang='lat' dir='ltr'><strong>tentiae</strong></span> <span class='ocrx_word' id='word_1_41' title='bbox 400 895 473 938; x_wconf 89' lang='lat' dir='ltr'><strong>suae</strong></span> <span class='ocrx_word' id='word_1_42' title='bbox 494 877 682 956; x_wconf 80' lang='lat' dir='ltr'><strong>differentia,</strong></span> <span class='ocrx_word' id='word_1_43' title='bbox 712 897 766 958; x_wconf 87' lang='lat' dir='ltr'><strong>pro</strong></span> <span class='ocrx_word' id='word_1_44' title='bbox 787 877 932 948; x_wconf 82' lang='lat' dir='ltr'><strong>fratribus</strong></span> <span class='ocrx_word' id='word_1_45' title='bbox 954 888 1055 952; x_wconf 84' lang='lat' dir='ltr'><strong>tamen</strong></span> <span class='ocrx_word' id='word_1_46' title='bbox 1082 879 1113 938; x_wconf 90' lang='lat' dir='ltr'><strong>in</strong></span> <span class='ocrx_word' id='word_1_47' title='bbox 1135 875 1255 942; x_wconf 81' lang='lat' dir='ltr'><strong>Christo</strong></span> <span class='ocrx_word' id='word_1_48' title='bbox 1277 896 1328 940; x_wconf 86' lang='lat' dir='ltr'><strong>eos</strong></span> <span class='ocrx_word' id='word_1_49' title='bbox 1350 897 1400 958; x_wconf 82' lang='lat' dir='ltr'><strong>ag·</strong></span> 
     </span>
     <span class='ocr_line' id='line_1_7' title="bbox 265 978 1401 1058; baseline -0.002 -15"><span class='ocrx_word' id='word_1_50' title='bbox 265 981 380 1052; x_wconf 70' lang='lat' dir='ltr'><strong>nuent,</strong></span> <span class='ocrx_word' id='word_1_51' title='bbox 402 989 433 1041; x_wconf 89' lang='lat' dir='ltr'><strong>et</strong></span> <span class='ocrx_word' id='word_1_52' title='bbox 454 997 559 1042; x_wconf 80' lang='lat' dir='ltr'><strong>severe</strong></span> <span class='ocrx_word' id='word_1_53' title='bbox 582 989 680 1047; x_wconf 87' lang='lat' dir='ltr'><strong>vetat,</strong></span> <span class='ocrx_word' id='word_1_54' title='bbox 702 998 763 1040; x_wconf 74' lang='lat' dir='ltr'><strong>»nc</strong></span> <span class='ocrx_word' id='word_1_55' title='bbox 785 979 853 1058; x_wconf 91' lang='lat' dir='ltr'><strong>quis</strong></span> <span class='ocrx_word' id='word_1_56' title='bbox 878 997 930 1040; x_wconf 90' lang='lat' dir='ltr'><strong>eos</strong></span> <span class='ocrx_word' id='word_1_57' title='bbox 951 979 989 1040; x_wconf 83' lang='lat' dir='ltr'><strong>ab</strong></span> <span class='ocrx_word' id='word_1_58' title='bbox 1012 978 1162 1042; x_wconf 77' lang='lat' dir='ltr'><strong>Ecclesiae</strong></span> <span class='ocrx_word' id='word_1_59' title='bbox 1185 981 1328 1048; x_wconf 84' lang='lat' dir='ltr'><strong>societate</strong></span> <span class='ocrx_word' id='word_1_60' title='bbox 1351 997 1401 1042; x_wconf 83' lang='lat' dir='ltr'><strong>ex·</strong></span> 
     </span>
     <span class='ocr_line' id='line_1_8' title="bbox 267 1080 1401 1164; baseline 0.002 -22"><span class='ocrx_word' id='word_1_61' title='bbox 267 1081 456 1164; x_wconf 74' lang='lat' dir='ltr'><strong>»cludat⁶).”</strong></span> <span class='ocrx_word' id='word_1_62' title='bbox 498 1080 752 1144; x_wconf 80' lang='lat' dir='ltr'><strong>»Mansuetudine</strong></span> <span class='ocrx_word' id='word_1_63' title='bbox 779 1084 879 1163; x_wconf 88' lang='lat' dir='ltr'><strong>potins</strong></span> <span class='ocrx_word' id='word_1_64' title='bbox 906 1093 939 1144; x_wconf 90' lang='lat' dir='ltr'><strong>et</strong></span> <span class='ocrx_word' id='word_1_65' title='bbox 968 1083 1114 1163; x_wconf 89' lang='lat' dir='ltr'><strong>patientia</strong></span> <span class='ocrx_word' id='word_1_66' title='bbox 1145 1084 1308 1147; x_wconf 87' lang='lat' dir='ltr'><strong>vincendos</strong></span> <span class='ocrx_word' id='word_1_67' title='bbox 1336 1103 1401 1144; x_wconf 87' lang='lat' dir='ltr'><strong>esse</strong></span> 
     </span>
     <span class='ocr_line' id='line_1_9' title="bbox 268 1184 1402 1268; baseline 0.001 -22"><span class='ocrx_word' id='word_1_68' title='bbox 268 1184 399 1266; x_wconf 72' lang='lat' dir='ltr'><strong>»cos&#39;)”</strong></span> <span class='ocrx_word' id='word_1_69' title='bbox 421 1184 602 1255; x_wconf 88' lang='lat' dir='ltr'><strong>arbitratur,</strong></span> <span class='ocrx_word' id='word_1_70' title='bbox 624 1196 716 1266; x_wconf 88' lang='lat' dir='ltr'><strong>atque</strong></span> <span class='ocrx_word' id='word_1_71' title='bbox 738 1204 775 1246; x_wconf 81' lang='lat' dir='ltr'><strong>ex</strong></span> <span class='ocrx_word' id='word_1_72' title='bbox 798 1187 890 1248; x_wconf 89' lang='lat' dir='ltr'><strong>animi</strong></span> <span class='ocrx_word' id='word_1_73' title='bbox 912 1187 1063 1247; x_wconf 85' lang='lat' dir='ltr'><strong>sententia</strong></span> <span class='ocrx_word' id='word_1_74' title='bbox 1087 1188 1261 1248; x_wconf 76' lang='lat' dir='ltr'><strong>»meliorem</strong></span> <span class='ocrx_word' id='word_1_75' title='bbox 1281 1189 1317 1249; x_wconf 92' lang='lat' dir='ltr'><strong>iis</strong></span> <span class='ocrx_word' id='word_1_76' title='bbox 1336 1206 1402 1268; x_wconf 91' lang='lat' dir='ltr'><strong>pre·</strong></span> 
     </span>
     <span class='ocr_line' id='line_1_10' title="bbox 226 1287 1401 1372; baseline 0.008 -29"><span class='ocrx_word' id='word_1_77' title='bbox 226 1319 229 1326; x_wconf 94' lang='lat'>·</span> <span class='ocrx_word' id='word_1_78' title='bbox 269 1298 377 1350; x_wconf 73' lang='lat' dir='ltr'><strong>»eatur</strong></span> <span class='ocrx_word' id='word_1_79' title='bbox 405 1300 538 1350; x_wconf 85' lang='lat' dir='ltr'><strong>mentem</strong></span> <span class='ocrx_word' id='word_1_80' title='bbox 556 1287 612 1370; x_wconf 64' lang='lat' dir='ltr'><strong>‘p”</strong></span> <span class='ocrx_word' id='word_1_81' title='bbox 656 1291 692 1350; x_wconf 86' lang='lat' dir='ltr'><strong>Et</strong></span> <span class='ocrx_word' id='word_1_82' title='bbox 721 1291 745 1350; x_wconf 93' lang='lat' dir='ltr'><strong>si</strong></span> <span class='ocrx_word' id='word_1_83' title='bbox 773 1291 825 1370; x_wconf 95' lang='lat' dir='ltr'><strong>qui</strong></span> <span class='ocrx_word' id='word_1_84' title='bbox 854 1292 914 1351; x_wconf 91' lang='lat' dir='ltr'><strong>sint</strong></span> <span class='ocrx_word' id='word_1_85' title='bbox 940 1291 1021 1351; x_wconf 89' lang='lat' dir='ltr'><strong>inter</strong></span> <span class='ocrx_word' id='word_1_86' title='bbox 1042 1308 1094 1351; x_wconf 91' lang='lat' dir='ltr'><strong>eos</strong></span> <span class='ocrx_word' id='word_1_87' title='bbox 1116 1291 1229 1371; x_wconf 88' lang='lat' dir='ltr'><strong>pietate</strong></span> <span class='ocrx_word' id='word_1_88' title='bbox 1256 1293 1401 1372; x_wconf 82' lang='lat' dir='ltr'><strong>insignes,</strong></span> 
     </span>
     <span class='ocr_line' id='line_1_11' title="bbox 269 1394 1403 1476; baseline 0.002 -24"><span class='ocrx_word' id='word_1_89' title='bbox 269 1401 456 1454; x_wconf 71' lang='lat' dir='ltr'><strong>»veneratur</strong></span> <span class='ocrx_word' id='word_1_90' title='bbox 488 1410 540 1452; x_wconf 92' lang='lat' dir='ltr'><strong>eos</strong></span> <span class='ocrx_word' id='word_1_91' title='bbox 568 1394 804 1474; x_wconf 81' lang='lat' dir='ltr'><strong>memoriamque</strong></span> <span class='ocrx_word' id='word_1_92' title='bbox 838 1395 959 1454; x_wconf 92' lang='lat' dir='ltr'><strong>illorum</strong></span> <span class='ocrx_word' id='word_1_93' title='bbox 988 1407 1207 1455; x_wconf 88' lang='lat' dir='ltr'><strong>sacrosanctam</strong></span> <span class='ocrx_word' id='word_1_94' title='bbox 1236 1397 1323 1476; x_wconf 91' lang='lat' dir='ltr'><strong>plane</strong></span> <span class='ocrx_word' id='word_1_95' title='bbox 1352 1395 1403 1454; x_wconf 89' lang='lat' dir='ltr'><strong>ha-</strong></span> 
     </span>
     <span class='ocr_line' id='line_1_12' title="bbox 269 1495 1404 1582; baseline 0.001 -25"><span class='ocrx_word' id='word_1_96' title='bbox 269 1496 344 1558; x_wconf 73' lang='lat' dir='ltr'><strong>»bet</strong></span> <span class='ocrx_word' id='word_1_97' title='bbox 364 1495 416 1577; x_wconf 78' lang='lat'><strong>⁹).’&#39;</strong></span> <span class='ocrx_word' id='word_1_98' title='bbox 467 1495 506 1558; x_wconf 86' lang='lat' dir='ltr'><strong>Ut</strong></span> <span class='ocrx_word' id='word_1_99' title='bbox 535 1497 629 1578; x_wconf 84' lang='lat' dir='ltr'><strong>igitur</strong></span> <span class='ocrx_word' id='word_1_100' title='bbox 659 1498 809 1558; x_wconf 87' lang='lat' dir='ltr'><strong>unanimis</strong></span> <span class='ocrx_word' id='word_1_101' title='bbox 838 1498 995 1558; x_wconf 88' lang='lat' dir='ltr'><strong>doctrinae</strong></span> <span class='ocrx_word' id='word_1_102' title='bbox 1022 1517 1186 1582; x_wconf 82' lang='lat' dir='ltr'><strong>consensus</strong></span> <span class='ocrx_word' id='word_1_103' title='bbox 1219 1516 1323 1559; x_wconf 89' lang='lat' dir='ltr'><strong>omnes</strong></span> <span class='ocrx_word' id='word_1_104' title='bbox 1351 1499 1404 1558; x_wconf 90' lang='lat' dir='ltr'><strong>ali·</strong></span> 
     </span>
     <span class='ocr_line' id='line_1_13' title="bbox 270 1599 1404 1682; baseline 0.001 -21"><span class='ocrx_word' id='word_1_105' title='bbox 270 1599 390 1680; x_wconf 89' lang='lat' dir='ltr'><strong>quando</strong></span> <span class='ocrx_word' id='word_1_106' title='bbox 412 1599 593 1681; x_wconf 77' lang='lat' dir='ltr'><strong>coniungat,</strong></span> <span class='ocrx_word' id='word_1_107' title='bbox 611 1600 687 1661; x_wconf 91' lang='lat' dir='ltr'><strong>nihil</strong></span> <span class='ocrx_word' id='word_1_108' title='bbox 708 1603 819 1662; x_wconf 88' lang='lat' dir='ltr'><strong>unitati</strong></span> <span class='ocrx_word' id='word_1_109' title='bbox 839 1601 989 1662; x_wconf 82' lang='lat' dir='ltr'><strong>Ecclesiae</strong></span> <span class='ocrx_word' id='word_1_110' title='bbox 1008 1603 1103 1682; x_wconf 83' lang='lat' dir='ltr'><strong>magis</strong></span> <span class='ocrx_word' id='word_1_111' title='bbox 1121 1602 1262 1682; x_wconf 78' lang='lat' dir='ltr'><strong>prodesse</strong></span> <span class='ocrx_word' id='word_1_112' title='bbox 1281 1603 1404 1671; x_wconf 77' lang='lat' dir='ltr'><strong>statuit,</strong></span> 
     </span>
     <span class='ocr_line' id='line_1_14' title="bbox 270 1705 1405 1787; baseline 0.001 -22"><span class='ocrx_word' id='word_1_113' title='bbox 270 1726 359 1784; x_wconf 91' lang='lat' dir='ltr'><strong>quam</strong></span> <span class='ocrx_word' id='word_1_114' title='bbox 381 1716 416 1784; x_wconf 88' lang='lat' dir='ltr'><strong>ut</strong></span> <span class='ocrx_word' id='word_1_115' title='bbox 438 1705 544 1766; x_wconf 91' lang='lat' dir='ltr'><strong>sedulo</strong></span> <span class='ocrx_word' id='word_1_116' title='bbox 567 1725 713 1766; x_wconf 84' lang='lat' dir='ltr'><strong>venemur</strong></span> <span class='ocrx_word' id='word_1_117' title='bbox 736 1724 855 1776; x_wconf 86' lang='lat' dir='ltr'><strong>omnes,</strong></span> <span class='ocrx_word' id='word_1_118' title='bbox 874 1725 1021 1787; x_wconf 87' lang='lat' dir='ltr'><strong>quaenam</strong></span> <span class='ocrx_word' id='word_1_119' title='bbox 1040 1707 1080 1767; x_wconf 90' lang='lat' dir='ltr'><strong>sit</strong></span> <span class='ocrx_word' id='word_1_120' title='bbox 1097 1707 1318 1768; x_wconf 89' lang='lat' dir='ltr'><strong>sententiarum</strong></span> <span class='ocrx_word' id='word_1_121' title='bbox 1336 1726 1405 1768; x_wconf 85' lang='lat' dir='ltr'><strong>eon·</strong></span> 
     </span>
     <span class='ocr_line' id='line_1_15' title="bbox 271 1809 1406 1891; baseline 0 -21"><span class='ocrx_word' id='word_1_122' title='bbox 271 1809 424 1870; x_wconf 85' lang='lat' dir='ltr'><strong>venientia</strong></span> <span class='ocrx_word' id='word_1_123' title='bbox 436 1809 488 1891; x_wconf 77' lang='lat'>¹⁰),</span> <span class='ocrx_word' id='word_1_124' title='bbox 509 1820 540 1870; x_wconf 89' lang='lat' dir='ltr'><strong>et</strong></span> <span class='ocrx_word' id='word_1_125' title='bbox 562 1829 613 1878; x_wconf 90' lang='lat' dir='ltr'><strong>ea,</strong></span> <span class='ocrx_word' id='word_1_126' title='bbox 636 1830 712 1890; x_wconf 87' lang='lat' dir='ltr'><strong>quac</strong></span> <span class='ocrx_word' id='word_1_127' title='bbox 734 1812 871 1872; x_wconf 87' lang='lat' dir='ltr'><strong>dividere</strong></span> <span class='ocrx_word' id='word_1_128' title='bbox 894 1812 1053 1872; x_wconf 85' lang='lat' dir='ltr'><strong>Ecclesium</strong></span> <span class='ocrx_word' id='word_1_129' title='bbox 1072 1822 1218 1891; x_wconf 80' lang='lat' dir='ltr'><strong>pergunt,</strong></span> <span class='ocrx_word' id='word_1_130' title='bbox 1240 1812 1343 1872; x_wconf 86' lang='lat' dir='ltr'><strong>amicis</strong></span> <span class='ocrx_word' id='word_1_131' title='bbox 1361 1811 1406 1870; x_wconf 92' lang='lat' dir='ltr'><strong>in·</strong></span> 
     </span>
     <span class='ocr_line' id='line_1_16' title="bbox 271 1914 1407 1995; baseline 0 -21"><span class='ocrx_word' id='word_1_132' title='bbox 271 1914 387 1974; x_wconf 89' lang='lat' dir='ltr'><strong>stitutis</strong></span> <span class='ocrx_word' id='word_1_133' title='bbox 407 1914 566 1994; x_wconf 90' lang='lat' dir='ltr'><strong>colloquiis</strong></span> <span class='ocrx_word' id='word_1_134' title='bbox 586 1914 624 1974; x_wconf 87' lang='lat' dir='ltr'><strong>ad</strong></span> <span class='ocrx_word' id='word_1_135' title='bbox 646 1916 787 1975; x_wconf 89' lang='lat' dir='ltr'><strong>amussim</strong></span> <span class='ocrx_word' id='word_1_136' title='bbox 807 1915 962 1995; x_wconf 83' lang='lat' dir='ltr'><strong>Euangelii</strong></span> <span class='ocrx_word' id='word_1_137' title='bbox 980 1914 1014 1995; x_wconf 77' lang='lat'><strong>¹¹)</strong></span> <span class='ocrx_word' id='word_1_138' title='bbox 1032 1932 1212 1994; x_wconf 87' lang='lat' dir='ltr'><strong>componere</strong></span> <span class='ocrx_word' id='word_1_139' title='bbox 1231 1916 1407 1976; x_wconf 88' lang='lat' dir='ltr'><strong>studeamus</strong></span> 
     </span>
     <span class='ocr_line' id='line_1_17' title="bbox 272 2017 1407 2098; baseline 0 -22"><span class='ocrx_word' id='word_1_140' title='bbox 272 2027 363 2096; x_wconf 89' lang='lat' dir='ltr'><strong>atque</strong></span> <span class='ocrx_word' id='word_1_141' title='bbox 385 2017 544 2086; x_wconf 87' lang='lat' dir='ltr'><strong>dirimerc;</strong></span> <span class='ocrx_word' id='word_1_142' title='bbox 567 2018 736 2079; x_wconf 91' lang='lat' dir='ltr'><strong>istiusmodi</strong></span> <span class='ocrx_word' id='word_1_143' title='bbox 759 2028 861 2079; x_wconf 88' lang='lat' dir='ltr'><strong>autem</strong></span> <span class='ocrx_word' id='word_1_144' title='bbox 883 2018 1056 2097; x_wconf 87' lang='lat' dir='ltr'><strong>colloquiis,</strong></span> <span class='ocrx_word' id='word_1_145' title='bbox 1079 2019 1130 2078; x_wconf 73' lang='lat' dir='ltr'><strong>»in</strong></span> <span class='ocrx_word' id='word_1_146' title='bbox 1148 2019 1258 2098; x_wconf 83' lang='lat' dir='ltr'><strong>quitus</strong></span> <span class='ocrx_word' id='word_1_147' title='bbox 1275 2019 1407 2080; x_wconf 90' lang='lat' dir='ltr'><strong>libenter</strong></span> 
     </span>
     <span class='ocr_line' id='line_1_18' title="bbox 273 2121 1407 2204; baseline 0.002 -25"><span class='ocrx_word' id='word_1_148' title='bbox 273 2121 452 2182; x_wconf 71' lang='lat' dir='ltr'><strong>»admoneri</strong></span> <span class='ocrx_word' id='word_1_149' title='bbox 478 2140 510 2182; x_wconf 87' lang='lat' dir='ltr'><strong>se</strong></span> <span class='ocrx_word' id='word_1_150' title='bbox 539 2121 667 2204; x_wconf 90' lang='lat' dir='ltr'><strong>quisque</strong></span> <span class='ocrx_word' id='word_1_151' title='bbox 695 2123 829 2202; x_wconf 89' lang='lat' dir='ltr'><strong>patiatur</strong></span> <span class='ocrx_word' id='word_1_152' title='bbox 857 2121 895 2182; x_wconf 92' lang='lat' dir='ltr'><strong>ab</strong></span> <span class='ocrx_word' id='word_1_153' title='bbox 920 2121 1075 2190; x_wconf 86' lang='lat' dir='ltr'><strong>omnibus.</strong></span> <span class='ocrx_word' id='word_1_154' title='bbox 1097 2132 1188 2200; x_wconf 89' lang='lat' dir='ltr'><strong>atque</strong></span> <span class='ocrx_word' id='word_1_155' title='bbox 1209 2123 1286 2182; x_wconf 88' lang='lat' dir='ltr'><strong>adeo</strong></span> <span class='ocrx_word' id='word_1_156' title='bbox 1307 2141 1407 2201; x_wconf 85' lang='lat' dir='ltr'><strong>reprc-</strong></span> 
     </span>
     <span class='ocr_line' id='line_1_19' title="bbox 274 2223 1407 2306; baseline 0.001 -24"><span class='ocrx_word' id='word_1_157' title='bbox 274 2223 405 2293; x_wconf 64' lang='lat' dir='ltr'><strong>tiranni,</strong></span> <span class='ocrx_word' id='word_1_158' title='bbox 427 2225 522 2284; x_wconf 91' lang='lat' dir='ltr'><strong>sicubi</strong></span> <span class='ocrx_word' id='word_1_159' title='bbox 545 2225 644 2304; x_wconf 89' lang='lat' dir='ltr'><strong>lapsus</strong></span> <span class='ocrx_word' id='word_1_160' title='bbox 666 2226 705 2284; x_wconf 90' lang='lat' dir='ltr'><strong>sit</strong></span> <span class='ocrx_word' id='word_1_161' title='bbox 719 2225 787 2306; x_wconf 80' lang='lat'>¹²),”</span> <span class='ocrx_word' id='word_1_162' title='bbox 809 2225 1062 2304; x_wconf 90' lang='lat' dir='ltr'><strong>quemadmodum</strong></span> <span class='ocrx_word' id='word_1_163' title='bbox 1085 2225 1148 2304; x_wconf 90' lang='lat' dir='ltr'><strong>ipsc</strong></span> <span class='ocrx_word' id='word_1_164' title='bbox 1167 2225 1198 2284; x_wconf 91' lang='lat' dir='ltr'><strong>in</strong></span> <span class='ocrx_word' id='word_1_165' title='bbox 1217 2225 1320 2284; x_wconf 91' lang='lat' dir='ltr'><strong>libello</strong></span> <span class='ocrx_word' id='word_1_166' title='bbox 1342 2223 1407 2284; x_wconf 82' lang='lat' dir='ltr'><strong>»lle</strong></span> 
     </span>
     <span class='ocr_line' id='line_1_20' title="bbox 180 2324 1410 2413; baseline 0.001 -27"><span class='ocrx_word' id='word_1_167' title='bbox 180 2343 182 2348; x_wconf 89' lang='lat'>·</span> <span class='ocrx_word' id='word_1_168' title='bbox 273 2326 364 2409; x_wconf 79' lang='lat' dir='ltr'><strong>missa</strong></span> <span class='ocrx_word' id='word_1_169' title='bbox 386 2325 506 2413; x_wconf 86' lang='lat' dir='ltr'><strong>papali’&#39;</strong></span> <span class='ocrx_word' id='word_1_170' title='bbox 535 2324 609 2392; x_wconf 84' lang='lat' dir='ltr'><strong>hacc</strong></span> <span class='ocrx_word' id='word_1_171' title='bbox 631 2326 663 2386; x_wconf 93' lang='lat' dir='ltr'><strong>in</strong></span> <span class='ocrx_word' id='word_1_172' title='bbox 685 2325 746 2394; x_wconf 82' lang='lat' dir='ltr'><strong>stne</strong></span> <span class='ocrx_word' id='word_1_173' title='bbox 768 2327 892 2398; x_wconf 86' lang='lat' dir='ltr'><strong>adiecit:</strong></span> <span class='ocrx_word' id='word_1_174' title='bbox 923 2325 996 2386; x_wconf 76' lang='lat' dir='ltr'><strong>»Dic</strong></span> <span class='ocrx_word' id='word_1_175' title='bbox 1018 2326 1078 2399; x_wconf 83' lang='lat' dir='ltr'><strong>heb</strong></span> <span class='ocrx_word' id='word_1_176' title='bbox 1096 2327 1146 2390; x_wconf 88' lang='lat' dir='ltr'><strong>ick</strong></span> <span class='ocrx_word' id='word_1_177' title='bbox 1164 2345 1202 2406; x_wconf 93' lang='lat' dir='ltr'><strong>op</strong></span> <span class='ocrx_word' id='word_1_178' title='bbox 1220 2326 1274 2388; x_wconf 87' lang='lat' dir='ltr'><strong>het</strong></span> <span class='ocrx_word' id='word_1_179' title='bbox 1291 2327 1410 2392; x_wconf 83' lang='lat' dir='ltr'><strong>lrnrtste</strong></span> 
     </span>
     <span class='ocr_line' id='line_1_21' title="bbox 273 2429 1411 2512; baseline 0.004 -24"><span class='ocrx_word' id='word_1_180' title='bbox 273 2431 400 2508; x_wconf 78' lang='lat' dir='ltr'><strong>»willen</strong></span> <span class='ocrx_word' id='word_1_181' title='bbox 423 2430 554 2508; x_wconf 72' lang='lat' dir='ltr'><strong>tccduen</strong></span> <span class='ocrx_word' id='word_1_182' title='bbox 577 2449 614 2512; x_wconf 88' lang='lat' dir='ltr'><strong>op</strong></span> <span class='ocrx_word' id='word_1_183' title='bbox 636 2431 674 2492; x_wconf 90' lang='lat' dir='ltr'><strong>de</strong></span> <span class='ocrx_word' id='word_1_184' title='bbox 697 2431 824 2512; x_wconf 84' lang='lat' dir='ltr'><strong>vraghe‚</strong></span> <span class='ocrx_word' id='word_1_185' title='bbox 846 2431 896 2492; x_wconf 91' lang='lat' dir='ltr'><strong>die</strong></span> <span class='ocrx_word' id='word_1_186' title='bbox 922 2434 972 2509; x_wconf 89' lang='lat' dir='ltr'><strong>mij</strong></span> <span class='ocrx_word' id='word_1_187' title='bbox 997 2429 1203 2510; x_wconf 81' lang='lat' dir='ltr'><strong>voqrglrestelt</strong></span> <span class='ocrx_word' id='word_1_188' title='bbox 1225 2449 1304 2500; x_wconf 84' lang='lat' dir='ltr'><strong>was.</strong></span> <span class='ocrx_word' id='word_1_189' title='bbox 1333 2433 1411 2502; x_wconf 83' lang='lat' dir='ltr'><strong>ende</strong></span> 
     </span>
     <span class='ocr_line' id='line_1_22' title="bbox 274 2533 1411 2616; baseline 0.002 -22"><span class='ocrx_word' id='word_1_190' title='bbox 274 2534 349 2595; x_wconf 75' lang='lat' dir='ltr'><strong>»bin</strong></span> <span class='ocrx_word' id='word_1_191' title='bbox 383 2534 459 2599; x_wconf 84' lang='lat' dir='ltr'><strong>oock</strong></span> <span class='ocrx_word' id='word_1_192' title='bbox 491 2533 607 2616; x_wconf 79' lang='lat' dir='ltr'><strong>tereyd</strong></span> <span class='ocrx_word' id='word_1_193' title='bbox 637 2534 741 2596; x_wconf 84' lang='lat' dir='ltr'><strong>stralle</strong></span> <span class='ocrx_word' id='word_1_194' title='bbox 774 2555 812 2604; x_wconf 87' lang='lat' dir='ltr'><strong>an</strong></span> <span class='ocrx_word' id='word_1_195' title='bbox 845 2545 875 2595; x_wconf 89' lang='lat' dir='ltr'><strong>te</strong></span> <span class='ocrx_word' id='word_1_196' title='bbox 906 2554 1032 2604; x_wconf 86' lang='lat' dir='ltr'><strong>nemen,</strong></span> <span class='ocrx_word' id='word_1_197' title='bbox 1061 2535 1093 2614; x_wconf 89' lang='lat' dir='ltr'><strong>ja</strong></span> <span class='ocrx_word' id='word_1_198' title='bbox 1122 2535 1198 2600; x_wconf 87' lang='lat' dir='ltr'><strong>oock</strong></span> <span class='ocrx_word' id='word_1_199' title='bbox 1227 2536 1354 2598; x_wconf 85' lang='lat' dir='ltr'><strong>daervor</strong></span> <span class='ocrx_word' id='word_1_200' title='bbox 1380 2547 1411 2596; x_wconf 87' lang='lat' dir='ltr'><strong>te</strong></span> 
     </span>
     <span class='ocr_line' id='line_1_23' title="bbox 275 2637 1412 2722; baseline 0.002 -20"><span class='ocrx_word' id='word_1_201' title='bbox 275 2637 450 2720; x_wconf 74' lang='lat' dir='ltr'><strong>adanolmn,</strong></span> <span class='ocrx_word' id='word_1_202' title='bbox 479 2657 514 2718; x_wconf 74' lang='lat' dir='ltr'><strong>ao</strong></span> <span class='ocrx_word' id='word_1_203' title='bbox 543 2641 609 2720; x_wconf 81' lang='lat' dir='ltr'><strong>zick</strong></span> <span class='ocrx_word' id='word_1_204' title='bbox 638 2641 758 2720; x_wconf 82' lang='lat' dir='ltr'><strong>iemand</strong></span> <span class='ocrx_word' id='word_1_205' title='bbox 786 2641 848 2702; x_wconf 87' lang='lat' dir='ltr'><strong>laet</strong></span> <span class='ocrx_word' id='word_1_206' title='bbox 870 2640 1029 2710; x_wconf 86' lang='lat' dir='ltr'><strong>duncken,</strong></span> <span class='ocrx_word' id='word_1_207' title='bbox 1057 2640 1106 2703; x_wconf 88' lang='lat' dir='ltr'><strong>iek</strong></span> <span class='ocrx_word' id='word_1_208' title='bbox 1135 2639 1282 2722; x_wconf 77' lang='lat' dir='ltr'><strong>gheuoclc</strong></span> <span class='ocrx_word' id='word_1_209' title='bbox 1312 2639 1412 2708; x_wconf 81' lang='lat' dir='ltr'><strong>lrieciu</strong></span> 
     </span>
     <span class='ocr_line' id='line_1_24' title="bbox 275 2741 571 2824; baseline 0.02 -22"><span class='ocrx_word' id='word_1_210' title='bbox 275 2741 488 2820; x_wconf 76' lang='lat' dir='ltr'><strong>»onrechtliclt</strong></span> <span class='ocrx_word' id='word_1_211' title='bbox 507 2743 571 2824; x_wconf 58' lang='grc' dir='ltr'><strong>ΙΨ</strong></span> 
     </span>
    </p>
   </div>
   <div class='ocr_carea' id='block_1_3' title="bbox 486 2949 1192 3033">
    <p class='ocr_par' dir='ltr' id='par_1_3' title="bbox 486 2949 1192 3033">
     <span class='ocr_line' id='line_1_25' title="bbox 486 2949 1192 3033; baseline -0.006 -19"><span class='ocrx_word' id='word_1_212' title='bbox 486 2949 507 3033; x_wconf 62' lang='lat' dir='ltr'><strong>t</strong></span> <span class='ocrx_word' id='word_1_213' title='bbox 530 2953 557 3026; x_wconf 84' lang='lat'><strong>2.</strong></span> <span class='ocrx_word' id='word_1_214' title='bbox 600 2949 748 3026; x_wconf 79' lang='lat' dir='ltr'><strong>Ecclesiae</strong></span> <span class='ocrx_word' id='word_1_215' title='bbox 769 2969 839 3032; x_wconf 76' lang='lat' dir='ltr'><strong>opo</strong></span> <span class='ocrx_word' id='word_1_216' title='bbox 858 2951 1061 3032; x_wconf 78' lang='lat' dir='ltr'><strong>mcqistrotum</strong></span> <span class='ocrx_word' id='word_1_217' title='bbox 1082 2949 1192 3014; x_wconf 81' lang='lat' dir='ltr'><strong>relatio.</strong></span> 
     </span>
    </p>
   </div>
   <div class='ocr_carea' id='block_1_4' title="bbox 276 3158 1413 3446">
    <p class='ocr_par' dir='ltr' id='par_1_4' title="bbox 276 3158 1413 3446">
     <span class='ocr_line' id='line_1_26' title="bbox 317 3158 1412 3240; baseline -0.001 -21"><span class='ocrx_word' id='word_1_218' title='bbox 317 3158 440 3240; x_wconf 76' lang='lat' dir='ltr'><strong>Proprie</strong></span> <span class='ocrx_word' id='word_1_219' title='bbox 468 3158 665 3240; x_wconf 74' lang='lat' dir='ltr'><strong>inagistratus</strong></span> <span class='ocrx_word' id='word_1_220' title='bbox 695 3160 725 3220; x_wconf 93' lang='lat' dir='ltr'><strong>in</strong></span> <span class='ocrx_word' id='word_1_221' title='bbox 757 3159 822 3240; x_wconf 90' lang='lat' dir='ltr'><strong>ipso</strong></span> <span class='ocrx_word' id='word_1_222' title='bbox 851 3158 1061 3226; x_wconf 83' lang='lat' dir='ltr'><strong>Ecclesiastico</strong></span> <span class='ocrx_word' id='word_1_223' title='bbox 1088 3159 1259 3222; x_wconf 86' lang='lat' dir='ltr'><strong>ministerio</strong></span> <span class='ocrx_word' id='word_1_224' title='bbox 1286 3175 1412 3220; x_wconf 87' lang='lat' dir='ltr'><strong>munere</strong></span> 
     </span>
     <span class='ocr_line' id='line_1_27' title="bbox 276 3262 1412 3344; baseline -0.006 -16"><span class='ocrx_word' id='word_1_225' title='bbox 276 3281 331 3338; x_wconf 78' lang='lat' dir='ltr'><strong>suo</strong></span> <span class='ocrx_word' id='word_1_226' title='bbox 352 3262 505 3343; x_wconf 63' lang='lat' dir='ltr'><strong>{pugitqm</strong></span> <span class='ocrx_word' id='word_1_227' title='bbox 533 3263 613 3344; x_wconf 91' lang='lat' dir='ltr'><strong>quod</strong></span> <span class='ocrx_word' id='word_1_228' title='bbox 642 3273 746 3343; x_wconf 88' lang='lat' dir='ltr'><strong>aperte</strong></span> <span class='ocrx_word' id='word_1_229' title='bbox 772 3263 848 3341; x_wconf 84' lang='lat' dir='ltr'><strong>haec</strong></span> <span class='ocrx_word' id='word_1_230' title='bbox 874 3265 940 3324; x_wconf 87' lang='lat' dir='ltr'><strong>eius</strong></span> <span class='ocrx_word' id='word_1_231' title='bbox 962 3263 1053 3326; x_wconf 82' lang='lat' dir='ltr'><strong>verba</strong></span> <span class='ocrx_word' id='word_1_232' title='bbox 1076 3263 1134 3324; x_wconf 88' lang='lat' dir='ltr'><strong>sibi</strong></span> <span class='ocrx_word' id='word_1_233' title='bbox 1156 3264 1232 3324; x_wconf 86' lang='lat' dir='ltr'><strong>velle</strong></span> <span class='ocrx_word' id='word_1_234' title='bbox 1255 3262 1412 3329; x_wconf 85' lang='lat' dir='ltr'><strong>videntur:</strong></span> 
     </span>
     <span class='ocr_line' id='line_1_28' title="bbox 276 3364 1413 3446; baseline -0.003 -17"><span class='ocrx_word' id='word_1_235' title='bbox 276 3368 360 3442; x_wconf 79' lang='lat' dir='ltr'><strong>uduo</strong></span> <span class='ocrx_word' id='word_1_236' title='bbox 388 3377 460 3429; x_wconf 91' lang='lat' dir='ltr'><strong>sunt</strong></span> <span class='ocrx_word' id='word_1_237' title='bbox 489 3366 521 3427; x_wconf 83' lang='lat' dir='ltr'><strong>in</strong></span> <span class='ocrx_word' id='word_1_238' title='bbox 543 3365 713 3445; x_wconf 74' lang='lat' dir='ltr'><strong>Ecclesiae</strong></span> <span class='ocrx_word' id='word_1_239' title='bbox 736 3367 799 3428; x_wconf 89' lang='lat' dir='ltr'><strong>lleo</strong></span> <span class='ocrx_word' id='word_1_240' title='bbox 821 3368 959 3446; x_wconf 82' lang='lat' dir='ltr'><strong>ordinata</strong></span> <span class='ocrx_word' id='word_1_241' title='bbox 988 3367 1175 3438; x_wconf 88' lang='lat' dir='ltr'><strong>ministeria.</strong></span> <span class='ocrx_word' id='word_1_242' title='bbox 1201 3366 1279 3430; x_wconf 70' lang='lat' dir='ltr'><strong>vorot</strong></span> <span class='ocrx_word' id='word_1_243' title='bbox 1299 3376 1330 3430; x_wconf 89' lang='lat' dir='ltr'><strong>et</strong></span> <span class='ocrx_word' id='word_1_244' title='bbox 1351 3364 1413 3446; x_wconf 80' lang='lat' dir='ltr'><strong>plo·</strong></span> 
     </span>
    </p>
   </div>
   <div class='ocr_carea' id='block_1_5' title="bbox 280 3701 1423 4594">
    <p class='ocr_par' dir='ltr' id='par_1_5' title="bbox 318 3701 1200 3768">
     <span class='ocr_line' id='line_1_29' title="bbox 318 3701 1200 3768; baseline -0.005 -12"><span class='ocrx_word' id='word_1_245' title='bbox 318 3701 338 3762; x_wconf 81' lang='lat'><strong>⁵)</strong></span> <span class='ocrx_word' id='word_1_246' title='bbox 356 3702 393 3756; x_wconf 78' lang='lat' dir='ltr'><strong>De</strong></span> <span class='ocrx_word' id='word_1_247' title='bbox 410 3701 484 3768; x_wconf 62' lang='lat' dir='ltr'><strong>mdccc</strong></span> <span class='ocrx_word' id='word_1_248' title='bbox 496 3702 584 3766; x_wconf 76' lang='lat' dir='ltr'><strong>papati</strong></span> <span class='ocrx_word' id='word_1_249' title='bbox 600 3717 624 3766; x_wconf 77' lang='lat' dir='ltr'><strong>p.</strong></span> <span class='ocrx_word' id='word_1_250' title='bbox 642 3701 683 3754; x_wconf 80' lang='lat'><strong>28.</strong></span> <span class='ocrx_word' id='word_1_251' title='bbox 784 3703 804 3765; x_wconf 78' lang='lat'><strong>⁶)</strong></span> <span class='ocrx_word' id='word_1_252' title='bbox 821 3703 896 3768; x_wconf 65' lang='lat' dir='ltr'><strong>Pura.</strong></span> <span class='ocrx_word' id='word_1_253' title='bbox 914 3703 970 3760; x_wconf 71' lang='lat' dir='ltr'><strong>mica.</strong></span> <span class='ocrx_word' id='word_1_254' title='bbox 987 3703 1100 3768; x_wconf 59' lang='lat' dir='ltr'><strong>Francos.</strong></span> <span class='ocrx_word' id='word_1_255' title='bbox 1116 3719 1141 3768; x_wconf 85' lang='lat' dir='ltr'><strong>p.</strong></span> <span class='ocrx_word' id='word_1_256' title='bbox 1160 3704 1200 3754; x_wconf 88' lang='lat'><strong>11.</strong></span> 
     </span>
    </p>

    <p class='ocr_par' dir='ltr' id='par_1_6' title="bbox 319 3782 1408 3852">
     <span class='ocr_line' id='line_1_30' title="bbox 319 3782 1408 3852; baseline 0 -18"><span class='ocrx_word' id='word_1_257' title='bbox 319 3782 338 3846; x_wconf 86' lang='lat'><strong>⁷)</strong></span> <span class='ocrx_word' id='word_1_258' title='bbox 356 3784 400 3850; x_wconf 50' lang='lat' dir='ltr'><strong>Essq.</strong></span> <span class='ocrx_word' id='word_1_259' title='bbox 418 3783 453 3840; x_wconf 78' lang='lat' dir='ltr'><strong>od</strong></span> <span class='ocrx_word' id='word_1_260' title='bbox 467 3784 534 3852; x_wconf 71' lang='lat' dir='ltr'><strong>Bell.</strong></span> <span class='ocrx_word' id='word_1_261' title='bbox 554 3785 613 3846; x_wconf 81' lang='lat' dir='ltr'><strong>(Scr.</strong></span> <span class='ocrx_word' id='word_1_262' title='bbox 631 3788 682 3840; x_wconf 68' lang='lat' dir='ltr'><strong>acet.</strong></span> <span class='ocrx_word' id='word_1_263' title='bbox 701 3785 743 3841; x_wconf 84' lang='lat' dir='ltr'><strong>IV.</strong></span> <span class='ocrx_word' id='word_1_264' title='bbox 764 3785 798 3835; x_wconf 73' lang='lat'><strong>1³.</strong></span> <span class='ocrx_word' id='word_1_265' title='bbox 816 3785 892 3851; x_wconf 53' lang='lat'><strong>459).</strong></span> <span class='ocrx_word' id='word_1_266' title='bbox 993 3783 1014 3848; x_wconf 82' lang='lat'><strong>⁸)</strong></span> <span class='ocrx_word' id='word_1_267' title='bbox 1033 3785 1076 3850; x_wconf 84' lang='lat' dir='ltr'><strong>Ep.</strong></span> <span class='ocrx_word' id='word_1_268' title='bbox 1094 3785 1129 3834; x_wconf 84' lang='lat' dir='ltr'><strong>ad</strong></span> <span class='ocrx_word' id='word_1_269' title='bbox 1144 3786 1211 3842; x_wconf 75' lang='lat' dir='ltr'><strong>Bctt.</strong></span> <span class='ocrx_word' id='word_1_270' title='bbox 1229 3782 1271 3846; x_wconf 84' lang='lat' dir='ltr'><strong>(ib.</strong></span> <span class='ocrx_word' id='word_1_271' title='bbox 1289 3799 1313 3848; x_wconf 91' lang='lat' dir='ltr'><strong>p.</strong></span> <span class='ocrx_word' id='word_1_272' title='bbox 1331 3784 1408 3848; x_wconf 57' lang='lat'><strong>482).</strong></span> 
     </span>
    </p>

    <p class='ocr_par' dir='ltr' id='par_1_7' title="bbox 280 3859 1415 4096">
     <span class='ocr_line' id='line_1_31' title="bbox 315 3859 1415 3936; baseline 0.001 -23"><span class='ocrx_word' id='word_1_273' title='bbox 315 3859 339 3928; x_wconf 70' lang='lat'><strong>⁰)</strong></span> <span class='ocrx_word' id='word_1_274' title='bbox 362 3865 441 3915; x_wconf 79' lang='lat' dir='ltr'><strong>Tract.</strong></span> <span class='ocrx_word' id='word_1_275' title='bbox 466 3864 496 3914; x_wconf 86' lang='lat' dir='ltr'><strong>de</strong></span> <span class='ocrx_word' id='word_1_276' title='bbox 521 3866 629 3922; x_wconf 79' lang='lat' dir='ltr'><strong>Sacram.</strong></span> <span class='ocrx_word' id='word_1_277' title='bbox 653 3881 677 3935; x_wconf 87' lang='lat' dir='ltr'><strong>p.</strong></span> <span class='ocrx_word' id='word_1_278' title='bbox 695 3867 749 3924; x_wconf 65' lang='lat' dir='ltr'><strong>tob.</strong></span> <span class='ocrx_word' id='word_1_279' title='bbox 772 3867 808 3918; x_wconf 78' lang='lat' dir='ltr'><strong>cf.</strong></span> <span class='ocrx_word' id='word_1_280' title='bbox 831 3867 863 3932; x_wconf 76' lang='lat' dir='ltr'><strong>ib.</strong></span> <span class='ocrx_word' id='word_1_281' title='bbox 886 3865 930 3924; x_wconf 83' lang='lat'><strong>36,</strong></span> <span class='ocrx_word' id='word_1_282' title='bbox 955 3865 998 3926; x_wconf 81' lang='lat'><strong>37,</strong></span> <span class='ocrx_word' id='word_1_283' title='bbox 1021 3867 1062 3915; x_wconf 75' lang='lat'><strong>41.</strong></span> <span class='ocrx_word' id='word_1_284' title='bbox 1085 3868 1128 3932; x_wconf 83' lang='lat' dir='ltr'><strong>Ep.</strong></span> <span class='ocrx_word' id='word_1_285' title='bbox 1150 3867 1184 3924; x_wconf 79' lang='lat' dir='ltr'><strong>ad</strong></span> <span class='ocrx_word' id='word_1_286' title='bbox 1201 3867 1268 3916; x_wconf 85' lang='lat' dir='ltr'><strong>Bull.</strong></span> <span class='ocrx_word' id='word_1_287' title='bbox 1290 3867 1349 3936; x_wconf 83' lang='lat' dir='ltr'><strong>(Ser.</strong></span> <span class='ocrx_word' id='word_1_288' title='bbox 1364 3871 1415 3916; x_wconf 80' lang='lat' dir='ltr'><strong>ont.</strong></span> 
     </span>
     <span class='ocr_line' id='line_1_32' title="bbox 280 3947 1413 4014; baseline -0.002 -16"><span class='ocrx_word' id='word_1_289' title='bbox 280 3948 322 3998; x_wconf 87' lang='lat' dir='ltr'><strong>tt.</strong></span> <span class='ocrx_word' id='word_1_290' title='bbox 341 3949 376 4000; x_wconf 69' lang='lat'><strong>1³.</strong></span> <span class='ocrx_word' id='word_1_291' title='bbox 394 3949 443 3998; x_wconf 82' lang='lat'><strong>451</strong></span> <span class='ocrx_word' id='word_1_292' title='bbox 450 3985 458 4009; x_wconf 86' lang='lat'>‚</span> <span class='ocrx_word' id='word_1_293' title='bbox 479 3947 528 3996; x_wconf 80' lang='lat'><strong>460</strong></span> <span class='ocrx_word' id='word_1_294' title='bbox 549 3950 574 3996; x_wconf 90' lang='lat' dir='ltr'><strong>et</strong></span> <span class='ocrx_word' id='word_1_295' title='bbox 594 3947 670 4010; x_wconf 75' lang='lat' dir='ltr'><strong>dou).</strong></span> <span class='ocrx_word' id='word_1_296' title='bbox 693 3951 740 4013; x_wconf 84' lang='lat' dir='ltr'><strong>Ep.</strong></span> <span class='ocrx_word' id='word_1_297' title='bbox 763 3949 798 3998; x_wconf 84' lang='lat' dir='ltr'><strong>ad</strong></span> <span class='ocrx_word' id='word_1_298' title='bbox 815 3949 880 4000; x_wconf 70' lang='lat' dir='ltr'><strong>cca.</strong></span> <span class='ocrx_word' id='word_1_299' title='bbox 904 3948 947 3998; x_wconf 86' lang='lat' dir='ltr'><strong>VI.</strong></span> <span class='ocrx_word' id='word_1_300' title='bbox 969 3965 1056 4014; x_wconf 85' lang='lat' dir='ltr'><strong>praem.</strong></span> <span class='ocrx_word' id='word_1_301' title='bbox 1082 3947 1160 4000; x_wconf 79' lang='lat' dir='ltr'><strong>Tract.</strong></span> <span class='ocrx_word' id='word_1_302' title='bbox 1181 3949 1211 3999; x_wconf 84' lang='lat' dir='ltr'><strong>de</strong></span> <span class='ocrx_word' id='word_1_303' title='bbox 1231 3949 1336 4000; x_wconf 80' lang='lat' dir='ltr'><strong>Sacram.</strong></span> <span class='ocrx_word' id='word_1_304' title='bbox 1357 3964 1380 4013; x_wconf 86' lang='lat' dir='ltr'><strong>p.</strong></span> <span class='ocrx_word' id='word_1_305' title='bbox 1398 3949 1413 3996; x_wconf 89' lang='grc'>6</span> 
     </span>
     <span class='ocr_line' id='line_1_33' title="bbox 281 4029 1222 4096; baseline 0.003 -16"><span class='ocrx_word' id='word_1_306' title='bbox 281 4033 305 4080; x_wconf 85' lang='lat' dir='ltr'><strong>et</strong></span> <span class='ocrx_word' id='word_1_307' title='bbox 325 4029 541 4090; x_wconf 68' lang='lat' dir='ltr'><strong>numuan1‚Hist.</strong></span> <span class='ocrx_word' id='word_1_308' title='bbox 561 4029 611 4079; x_wconf 74' lang='lat' dir='ltr'><strong>oric</strong></span> <span class='ocrx_word' id='word_1_309' title='bbox 628 4031 649 4080; x_wconf 92' lang='lat' dir='ltr'><strong>I.</strong></span> <span class='ocrx_word' id='word_1_310' title='bbox 667 4029 683 4079; x_wconf 79' lang='lat' dir='ltr'><strong>ci</strong></span> <span class='ocrx_word' id='word_1_311' title='bbox 699 4031 777 4082; x_wconf 83' lang='lat' dir='ltr'><strong>Lasco</strong></span> <span class='ocrx_word' id='word_1_312' title='bbox 794 4032 816 4080; x_wconf 92' lang='lat'><strong>1.</strong></span> <span class='ocrx_word' id='word_1_313' title='bbox 834 4032 868 4083; x_wconf 75' lang='lat'><strong>2³.</strong></span> <span class='ocrx_word' id='word_1_314' title='bbox 887 4048 910 4096; x_wconf 90' lang='lat' dir='ltr'><strong>p.</strong></span> <span class='ocrx_word' id='word_1_315' title='bbox 928 4033 1036 4084; x_wconf 78' lang='lat' dir='ltr'><strong>tto-98.</strong></span> <span class='ocrx_word' id='word_1_316' title='bbox 1219 4051 1222 4058; x_wconf 91' lang='lat'>·</span> 
     </span>
    </p>

    <p class='ocr_par' dir='ltr' id='par_1_8' title="bbox 310 4113 722 4178">
     <span class='ocr_line' id='line_1_34' title="bbox 310 4113 722 4178; baseline 0 -15"><span class='ocrx_word' id='word_1_317' title='bbox 310 4114 340 4175; x_wconf 84' lang='lat'><strong>¹⁰)</strong></span> <span class='ocrx_word' id='word_1_318' title='bbox 361 4114 439 4164; x_wconf 77' lang='lat' dir='ltr'><strong>Traet.</strong></span> <span class='ocrx_word' id='word_1_319' title='bbox 457 4114 487 4162; x_wconf 84' lang='lat' dir='ltr'><strong>de</strong></span> <span class='ocrx_word' id='word_1_320' title='bbox 505 4113 610 4162; x_wconf 83' lang='lat' dir='ltr'><strong>Sacram.</strong></span> <span class='ocrx_word' id='word_1_321' title='bbox 628 4127 652 4178; x_wconf 87' lang='lat' dir='ltr'><strong>p.</strong></span> <span class='ocrx_word' id='word_1_322' title='bbox 671 4113 722 4164; x_wconf 72' lang='lat'><strong>32³.</strong></span> 
     </span>
    </p>

    <p class='ocr_par' dir='ltr' id='par_1_9' title="bbox 311 4195 1031 4260">
     <span class='ocr_line' id='line_1_35' title="bbox 311 4195 1031 4260; baseline 0.003 -16"><span class='ocrx_word' id='word_1_323' title='bbox 311 4195 341 4256; x_wconf 89' lang='lat'><strong>¹¹)</strong></span> <span class='ocrx_word' id='word_1_324' title='bbox 360 4196 447 4245; x_wconf 79' lang='lat' dir='ltr'><strong>Formo</strong></span> <span class='ocrx_word' id='word_1_325' title='bbox 463 4210 493 4246; x_wconf 82' lang='lat' dir='ltr'><strong>ac</strong></span> <span class='ocrx_word' id='word_1_326' title='bbox 509 4197 556 4244; x_wconf 82' lang='lat' dir='ltr'><strong>rat.</strong></span> <span class='ocrx_word' id='word_1_327' title='bbox 574 4195 629 4245; x_wconf 84' lang='lat' dir='ltr'><strong>min.</strong></span> <span class='ocrx_word' id='word_1_328' title='bbox 647 4196 722 4246; x_wconf 79' lang='lat' dir='ltr'><strong>Lond.</strong></span> <span class='ocrx_word' id='word_1_329' title='bbox 739 4211 763 4260; x_wconf 82' lang='lat' dir='ltr'><strong>p.</strong></span> <span class='ocrx_word' id='word_1_330' title='bbox 782 4195 914 4249; x_wconf 79' lang='lat' dir='ltr'><strong>tao-ott</strong></span> <span class='ocrx_word' id='word_1_331' title='bbox 932 4199 957 4246; x_wconf 87' lang='lat' dir='ltr'><strong>et</strong></span> <span class='ocrx_word' id='word_1_332' title='bbox 975 4197 1031 4246; x_wconf 80' lang='lat'><strong>648.</strong></span> 
     </span>
    </p>

    <p class='ocr_par' dir='ltr' id='par_1_10' title="bbox 282 4275 1423 4515">
     <span class='ocr_line' id='line_1_36' title="bbox 311 4275 1417 4342; baseline 0.004 -16"><span class='ocrx_word' id='word_1_333' title='bbox 311 4276 341 4338; x_wconf 72' lang='grc'><strong>12)</strong></span> <span class='ocrx_word' id='word_1_334' title='bbox 360 4277 403 4340; x_wconf 77' lang='lat' dir='ltr'><strong>Ep.</strong></span> <span class='ocrx_word' id='word_1_335' title='bbox 424 4277 458 4326; x_wconf 84' lang='lat' dir='ltr'><strong>ad</strong></span> <span class='ocrx_word' id='word_1_336' title='bbox 479 4277 545 4334; x_wconf 82' lang='lat' dir='ltr'><strong>Bult.</strong></span> <span class='ocrx_word' id='word_1_337' title='bbox 568 4276 628 4340; x_wconf 60' lang='lat' dir='ltr'><strong>(pler.</strong></span> <span class='ocrx_word' id='word_1_338' title='bbox 651 4281 703 4338; x_wconf 73' lang='lat' dir='ltr'><strong>apl.</strong></span> <span class='ocrx_word' id='word_1_339' title='bbox 725 4277 768 4327; x_wconf 89' lang='lat' dir='ltr'><strong>IV.</strong></span> <span class='ocrx_word' id='word_1_340' title='bbox 791 4279 826 4328; x_wconf 70' lang='lat'><strong>1³.</strong></span> <span class='ocrx_word' id='word_1_341' title='bbox 849 4278 924 4342; x_wconf 49' lang='grc' dir='ltr'><strong>Μ).</strong></span> <span class='ocrx_word' id='word_1_342' title='bbox 953 4277 990 4329; x_wconf 80' lang='lat' dir='ltr'><strong>Cf.</strong></span> <span class='ocrx_word' id='word_1_343' title='bbox 1012 4275 1045 4329; x_wconf 92' lang='lat' dir='ltr'><strong>ib.</strong></span> <span class='ocrx_word' id='word_1_344' title='bbox 1064 4275 1107 4339; x_wconf 71' lang='lat' dir='ltr'><strong>(ib.</strong></span> <span class='ocrx_word' id='word_1_345' title='bbox 1124 4276 1201 4339; x_wconf 78' lang='lat' dir='ltr'><strong>dou).</strong></span> <span class='ocrx_word' id='word_1_346' title='bbox 1217 4276 1260 4342; x_wconf 75' lang='lat' dir='ltr'><strong>Ep.</strong></span> <span class='ocrx_word' id='word_1_347' title='bbox 1281 4277 1315 4328; x_wconf 84' lang='lat' dir='ltr'><strong>ad</strong></span> <span class='ocrx_word' id='word_1_348' title='bbox 1333 4279 1417 4330; x_wconf 76' lang='lat' dir='ltr'><strong>Pettic.</strong></span> 
     </span>
     <span class='ocr_line' id='line_1_37' title="bbox 284 4357 1423 4425; baseline 0.004 -19"><span class='ocrx_word' id='word_1_349' title='bbox 284 4357 325 4419; x_wconf 86' lang='lat' dir='ltr'><strong>(lb.</strong></span> <span class='ocrx_word' id='word_1_350' title='bbox 346 4357 389 4407; x_wconf 89' lang='lat' dir='ltr'><strong>IV.</strong></span> <span class='ocrx_word' id='word_1_351' title='bbox 408 4358 443 4407; x_wconf 67' lang='lat'><strong>1³.</strong></span> <span class='ocrx_word' id='word_1_352' title='bbox 462 4357 537 4419; x_wconf 54' lang='lat'><strong>530).</strong></span> <span class='ocrx_word' id='word_1_353' title='bbox 564 4357 612 4422; x_wconf 80' lang='lat' dir='ltr'><strong>Ep.</strong></span> <span class='ocrx_word' id='word_1_354' title='bbox 630 4357 665 4418; x_wconf 77' lang='lat' dir='ltr'><strong>od</strong></span> <span class='ocrx_word' id='word_1_355' title='bbox 685 4359 751 4420; x_wconf 67' lang='lat' dir='ltr'><strong>Bell.</strong></span> <span class='ocrx_word' id='word_1_356' title='bbox 769 4362 794 4408; x_wconf 83' lang='lat' dir='ltr'><strong>ct</strong></span> <span class='ocrx_word' id='word_1_357' title='bbox 813 4359 898 4416; x_wconf 80' lang='lat' dir='ltr'><strong>Pcllic.</strong></span> <span class='ocrx_word' id='word_1_358' title='bbox 917 4358 958 4424; x_wconf 73' lang='lat' dir='ltr'><strong>(ib.</strong></span> <span class='ocrx_word' id='word_1_359' title='bbox 979 4359 1023 4416; x_wconf 76' lang='lat' dir='ltr'><strong>lt.</strong></span> <span class='ocrx_word' id='word_1_360' title='bbox 1041 4359 1076 4420; x_wconf 71' lang='lat'><strong>1⁸.</strong></span> <span class='ocrx_word' id='word_1_361' title='bbox 1093 4357 1169 4419; x_wconf 82' lang='lat'><strong>463.).</strong></span> <span class='ocrx_word' id='word_1_362' title='bbox 1192 4359 1229 4408; x_wconf 88' lang='lat' dir='ltr'><strong>Dc</strong></span> <span class='ocrx_word' id='word_1_363' title='bbox 1249 4359 1321 4413; x_wconf 81' lang='lat' dir='ltr'><strong>missa</strong></span> <span class='ocrx_word' id='word_1_364' title='bbox 1335 4363 1423 4425; x_wconf 77' lang='lat' dir='ltr'><strong>papali</strong></span> 
     </span>
     <span class='ocr_line' id='line_1_38' title="bbox 282 4440 1352 4515; baseline 0.003 -26"><span class='ocrx_word' id='word_1_365' title='bbox 282 4456 306 4515; x_wconf 84' lang='lat' dir='ltr'><strong>p.</strong></span> <span class='ocrx_word' id='word_1_366' title='bbox 327 4441 349 4489; x_wconf 82' lang='lat'><strong>8.</strong></span> <span class='ocrx_word' id='word_1_367' title='bbox 366 4442 453 4491; x_wconf 82' lang='lat' dir='ltr'><strong>Forma</strong></span> <span class='ocrx_word' id='word_1_368' title='bbox 470 4456 499 4490; x_wconf 83' lang='lat' dir='ltr'><strong>cc</strong></span> <span class='ocrx_word' id='word_1_369' title='bbox 515 4445 562 4491; x_wconf 85' lang='lat' dir='ltr'><strong>rat.</strong></span> <span class='ocrx_word' id='word_1_370' title='bbox 580 4441 636 4491; x_wconf 82' lang='lat' dir='ltr'><strong>min.</strong></span> <span class='ocrx_word' id='word_1_371' title='bbox 654 4440 730 4492; x_wconf 80' lang='lat' dir='ltr'><strong>Lond.</strong></span> <span class='ocrx_word' id='word_1_372' title='bbox 747 4457 772 4514; x_wconf 91' lang='lat' dir='ltr'><strong>p.</strong></span> <span class='ocrx_word' id='word_1_373' title='bbox 791 4442 846 4501; x_wconf 72' lang='lat'><strong>648.</strong></span> <span class='ocrx_word' id='word_1_374' title='bbox 867 4441 945 4504; x_wconf 73' lang='lat' dir='ltr'><strong>chct.</strong></span> <span class='ocrx_word' id='word_1_375' title='bbox 962 4443 992 4503; x_wconf 76' lang='lat' dir='ltr'><strong>de</strong></span> <span class='ocrx_word' id='word_1_376' title='bbox 1008 4443 1115 4502; x_wconf 66' lang='lat' dir='ltr'><strong>Sacram</strong></span> <span class='ocrx_word' id='word_1_377' title='bbox 1132 4441 1206 4513; x_wconf 69' lang='lat' dir='ltr'><strong>praet.</strong></span> <span class='ocrx_word' id='word_1_378' title='bbox 1222 4457 1247 4511; x_wconf 79' lang='lat' dir='ltr'><strong>p.</strong></span> <span class='ocrx_word' id='word_1_379' title='bbox 1265 4441 1294 4504; x_wconf 75' lang='grc'><strong>,3,</strong></span> <span class='ocrx_word' id='word_1_380' title='bbox 1312 4441 1352 4492; x_wconf 90' lang='grc'><strong>11.</strong></span> 
     </span>
    </p>

    <p class='ocr_par' dir='ltr' id='par_1_11' title="bbox 314 4522 687 4594">
     <span class='ocr_line' id='line_1_39' title="bbox 314 4522 687 4594; baseline -0.005 -21"><span class='ocrx_word' id='word_1_381' title='bbox 314 4522 344 4584; x_wconf 69' lang='lat'><strong>1³)</strong></span> <span class='ocrx_word' id='word_1_382' title='bbox 365 4523 400 4573; x_wconf 77' lang='lat' dir='ltr'><strong>lte</strong></span> <span class='ocrx_word' id='word_1_383' title='bbox 417 4522 491 4572; x_wconf 79' lang='lat' dir='ltr'><strong>misso</strong></span> <span class='ocrx_word' id='word_1_384' title='bbox 502 4524 590 4592; x_wconf 78' lang='lat' dir='ltr'><strong>papati</strong></span> <span class='ocrx_word' id='word_1_385' title='bbox 607 4539 629 4594; x_wconf 90' lang='lat' dir='ltr'><strong>p.</strong></span> <span class='ocrx_word' id='word_1_386' title='bbox 648 4522 687 4581; x_wconf 81' lang='lat'><strong>29,</strong></span> 
     </span>
    </p>
   </div>
   <div class='ocr_carea' id='block_1_6' title="bbox 0 0 1652 5100">
    <p class='ocr_par' dir='ltr' id='par_1_12' title="bbox 0 0 1652 5100">
     <span class='ocr_line' id='line_1_40' title="bbox 0 0 1652 5100; baseline 0 0"><span class='ocrx_word' id='word_1_387' title='bbox 0 0 1652 5100; x_wconf 95' lang='lat' dir='ltr'><strong> </strong></span> 
     </span>
    </p>
   </div>
  </div>
 </body>
</html>
