3240 5100
743 321 781 383 89

196 527 274 584 tam,
297 537 356 577 non
381 530 496 579 tanturn
521 518 639 581 Serreti
662 521 817 581 tristisinra
842 521 951 599 law).
974 522 1024 582 sed
1049 533 1080 582 ct
1104 521 1201 582 Caroli
1212 519 1254 596 1).
1276 518 1328 579 Ca·

194 621 408 716 stellionis10J,
448 621 631 701 Gruetiiss'),
671 623 838 694 Bolscci12,
871 624 1113 706 Blandratae¹⁸),
1152 624 1259 685 chini
1285 626 1326 698 1),

194 723 383 807 Gentilis¹⁸),
418 725 604 806 Gribaldi¹⁸)
630 729 774 797 aliorum,
806 730 896 790 nimis
924 731 1095 790 luculenter
1124 747 1178 789 nos
1206 730 1326 791 docent.

193 827 347 899 Pastores,
370 831 418 890 vel
440 848 518 890 unus
540 831 640 910 potius
662 829 803 891 Calvinus
825 851 842 891 e
864 831 999 912 tripode,
1028 830 1102 910 quid
1123 830 1325 900 credendum,
1426 876 1428 880 .

193 932 265 1011 quid
294 932 487 993 sentiendum
515 944 610 1003 esset,
639 935 797 1014 imperiose
820 934 961 996 dictabat.
1005 933 1119 1004 Quodsi
1142 935 1190 994 vel
1212 934 1325 994 levissi-

190 1055 239 1096 ma
269 1036 430 1116 obreperet
458 1038 588 1118 suspicio
616 1039 696 1098 tueri
725 1040 856 1117 aliquem
879 1040 1051 1119 opinionem
1074 1057 1146 1098 snae
1168 1038 1325 1098 doctrinae

191 1141 389 1210 contrariam,
417 1159 479 1201 non
501 1143 597 1202 amico
618 1143 769 1221 colloquio
790 1143 829 1203 de
851 1143 957 1222 quavis
979 1162 1012 1203 re
1034 1162 1051 1204 e
1073 1142 1167 1204 verbo
1190 1140 1244 1202 Ilei
1266 1142 1324 1202 dis·

191 1255 298 1325 putare
319 1256 442 1326 paratus
464 1255 545 1315 erat,
573 1256 608 1306 ut
629 1247 678 1308 vel
700 1247 756 1327 ipsi
779 1247 976 1328 persuaderet
999 1246 1188 1315 adversario,
1217 1247 1264 1307 vel
1287 1245 1324 1306 ab

189 1367 227 1409 eo
249 1349 305 1410 sibi
327 1349 503 1430 persuaderi
524 1360 695 1430 pateretur,
717 1350 770 1411 sed
791 1351 873 1411 illico
894 1369 965 1413 reus
980 1371 1035 1432 pro
1054 1351 1233 1412 consistorio
1252 1351 1323 1412 cita·

189 1463 239 1513 tus
266 1454 377 1514 acriter
402 1453 622 1534 castigabatur,
655 1455 737 1514 canis
769 1455 928 1525 audiebat,
956 1455 1129 1515 haereticus
1151 1455 1199 1515 vel
1220 1454 1323 1516 fatuus

188 1557 439 1637 compellabatur:
475 1557 507 1617 ni
540 1558 678 1628 cederet,
716 1560 908 1640 magistratui
939 1561 1032 1620 miser
1064 1559 1253 1626 traderetur,
1289 1567 1323 1617 ut

187 1669 286 1720 morte
307 1660 407 1720 lueret
428 1661 593 1722 uelandum
614 1681 701 1723 suurn
724 1663 839 1724 crimen
852 1662 898 1745 ¹⁷).
941 1663 1081 1731 Accedit,
1107 1662 1187 1742 quod
1209 1661 1322 1740 ubique

187 1762 359 1844 inscriptis
381 1765 460 1834 suis,
489 1775 523 1826 ut
544 1786 634 1847 supra
655 1767 801 1837 vidimus,
827 1767 983 1828 doctrinae
1006 1768 1037 1827 in
1059 1765 1191 1827 Ecclesia
1214 1766 1323 1846 prima·

186 1866 264 1926 rium
286 1868 386 1928 locum
407 1869 521 1930 diserte
543 1872 693 1952 assignat,
715 1881 746 1933 et
767 1873 799 1932 in
821 1873 996 1952 disciplinae
1015 1891 1135 1952 quoque
1154 1889 1211 1931 usu
1229 1869 1321 1950 expli·

185 1969 282 2029 cando
314 1970 443 2032 totidem
475 1973 576 2033 verbis
608 1973 646 2034 ad
679 1974 848 2034 doctrinam
882 1974 979 2054 primo
1009 1993 1079 2035 eum
1107 1973 1219 2034 referat
1248 1974 1321 2033 loco.

185 2071 316 2134 Probare
329 2093 449 2154 quoque
465 2076 648 2136 sententiam
663 2088 798 2137 nostram
817 2077 939 2137 videtur
950 2075 1209 2138 Calvinisticarum
1222 2074 1321 2138 Eccle-

184 2175 297 2237 siarum
317 2176 469 2248 historia,¹
488 2179 568 2239 unde
590 2179 748 2267 discimus,
770 2180 823 2242 diu
845 2181 904 2240 iam
925 2198 1044 2240 morum
1065 2180 1195 2260 rigidam
1216 2199 1320 2241 censu-

184 2299 247 2340 ram
277 2281 420 2342 abolitam
448 2282 542 2344 luisse
571 2293 602 2344 et
629 2285 816 2364 neglectam,
848 2285 922 2344 dum
952 2294 1088 2364 serperet
1110 2284 1208 2345 adhuc
1230 2287 1321 2346 letale

184 2403 354 2456 venenum,
391 2405 451 2466 quo
487 2387 518 2448 in
552 2389 703 2468 plerisque
731 2389 908 2469 regionibus
940 2389 999 2449 iam
1028 2389 1146 2449 interiit
1178 2388 1320 2451 Calvinis-

183 2507 262 2560 mus,
292 2498 323 2551 et
351 2489 383 2550 in
409 2488 509 2552 Scotia
532 2510 669 2572 quoque,
702 2493 788 2563 alibi,
821 2493 959 2554 interibit
988 2493 1173 2562 necessarie,
1206 2494 1321 2555 cultum

183 2593 252 2656 volo
288 2593 475 2656 orthodoxae
507 2596 679 2658 doctrinae.
732 2596 869 2678 Denique
908 2597 1097 2678 disciplinam
1136 2594 1320 2658 Ecclesiasti-

184 2717 248 2758 oam
281 2698 437 2760 doctrinae
467 2700 568 2779 potius
601 2720 691 2781 quam
722 2702 859 2763 moribus
891 2702 1094 2771 consuluisse,
1122 2701 1321 2781 rigidissima,

183 2821 242 2883 qua
260 2803 341 2884 exigi
359 2803 489 2874 solebat,
506 2805 585 2865 ratio
602 2806 685 2866 ultro
702 2805 790 2866 nobis
807 2805 945 2868 affirmat.
987 2804 1108 2868 Etenim
1125 2805 1320 2887 magistratus

211 3103 286 3167 11)1)6
306 3119 376 3156 causa
396 3104 612 3170 Serreti,praeter
634 3121 674 3168 aa,
692 3119 752 3171 quae
769 3118 870 3165 nuncu,
893 3118 962 3155 nrun
983 3107 1007 3154 et
1030 3111 1152 3155 mearunt
1176 3103 1204 3156 de
1230 3107 1322 3157 Seresti

183 3201 258 3237 causo
285 3185 466 3252 disputaverunt
493 3192 547 3252 post
572 3201 690 3238 uosnnnr
715 3191 740 3238 et
768 3201 908 3250 recenseo,
936 3189 966 3237 cl.
994 3201 1095 3237 uremur
1127 3201 1161 3237 nn
1187 3201 1320 3250 cannono,

137 3301 139 3305 ,
182 3269 294 3319 Relation
311 3268 344 3318 du
354 3265 441 3334 procia
454 3266 548 3318 intente
563 3267 578 3318 it
598 3267 690 3319 Genese
707 3285 737 3318 en
754 3269 820 3318 1663
838 3273 922 3319 eontra
938 3269 1011 3319 odet.
1026 3270 1116 3318 Servet.
1133 3267 1227 3319 Gentve
1240 3270 1318 3330 18443

183 3364 325 3410 mortum,
342 3352 379 3400 La
390 3352 454 3416 lique
467 3354 492 3400 et
502 3350 586 3417 Hertrp
598 3350 640 3401 IV.
652 3367 677 3416 p.
686 3351 735 3400 464
747 3367 794 3416 sq.,
812 3363 919 3401 nronnr.
932 3352 979 3401 Dia
991 3351 1144 3417 Eiusddrunq
1156 3352 1199 3402 der
1213 3352 1318 3417 Reform.

183 3433 234 3482 aad
252 3434 292 3484 die
317 3433 424 3498 Versata.
444 3433 486 3482 des
508 3433 598 3484 Calain.
615 3451 646 3484 ec
670 3433 740 3499 Gens.
758 3433 814 3498 Lpz.
833 3433 905 3483 1843.
923 3432 946 3484 S.
965 3433 1013 3482 136
1030 3449 1064 3497 sq.
1081 3421 1114 3482 ¹et
1130 3433 1234 3500 Anhang
1249 3433 1276 3487 G.
1294 3437 1318 3485 S.

183 3517 690 3583 lot-231;nnvlmran‚rrapmenn
711 3517 854 3582 historiques
874 3531 917 3566 sur
933 3515 1007 3567 Mieh.
1029 3507 1114 3566 Servet'
1134 3515 1196 3565 dam
1217 3517 1253 3566 tea
1273 3515 1317 3566 Le‘«

178 3600 269 3664 pendes
293 3604 318 3650 et
344 3600 491 3666 Chroniquer
516 3600 619 3650 Salaeca.
641 3598 716 3648 Paris.
743 3599 820 3658 1842;
849 3599 957 3648 Βιιῐῐείίπ
980 3598 1010 3648 tle
1032 3599 1058 3648 lo
1080 3595 1174 3648 Somc'td
1192 3598 1226 3648 du
1250 3599 1317 3650 Prot.

182 3682 267 3748 Franp.
286 3681 321 3734 II.
343 3698 367 3748 p.
386 3683 433 3733 141
453 3697 487 3748 sq.
511 3684 535 3730 ct
559 3682 619 3742 341;
640 3679 895 3731 ermessendem
914 3681 996 3730 Servat
1014 3683 1051 3730 ets
1067 3697 1083 3730 c
1099 3680 1217 3741 doctam,
1236 3679 1318 3730 Revue

183 3764 225 3814 des
250 3765 312 3814 deux
337 3765 441 3816 mondes.
464 3764 537 3814 1848.
559 3766 584 3814 et
605 3777 629 3816 n.
647 3763 757 3823 scanni,
777 3763 859 3812 Etude
874 3778 917 3812 aar
934 3763 957 3811 le
969 3760 1056 3826 procla
1072 3762 1102 3812 de
1122 3764 1211 3814 Servet.
1228 3763 1317 3815 Strasb.

183 3847 256 3897 1853.
288 3845 325 3896 Cf.
347 3847 421 3896 etiam
441 3859 645 3897 summosano.
665 3845 684 3895 l.
705 3845 756 3895 XV.
778 3861 801 3909 p.
825 3845 881 3895 325.
916 3842 964 3908 Qui
986 3845 1016 3894 ad
1036 3860 1112 3894 unum
1135 3859 1217 3894 omnes
1239 3843 1266 3893 in
1288 3859 1316 3894 eo

182 3929 347 3990 consentiunt,
373 3929 496 3979 Serretum
517 3927 644 3978 haereticis
664 3927 693 3976 de
710 3926 787 3976 causis
803 3925 948 3990 approbante
968 3923 1067 3975 Calvino
1084 3925 1240 3975 interfectum
1257 3939 1316 3976 esse.

181 4010 220 4059 An
236 4010 309 4060 etiam
323 4011 454 4076 instigante
471 4011 588 4061 Calvino?
611 4007 737 4074 Quodnam
756 4023 827 4074 porro
843 4007 870 4056 in
891 4022 919 4055 ea
938 4020 965 4055 re
988 4005 1106 4056 iudicium
1126 4005 1248 4056 ferendum
1268 4007 1313 4066 sit,

181 4105 297 4156 exponere
311 4092 384 4143 huius
397 4093 446 4144 loci
458 4109 506 4143 non
523 4096 566 4142 est.
601 4092 671 4142 Certe
688 4103 767 4139 nrum
781 4088 898 4139 sententia
915 4089 946 4151 (o.
958 4087 975 4137 l.
991 4104 1014 4152 p.
1033 4087 1090 4150 316)
1108 4087 1169 4136 mibi
1184 4087 1316 4154 plurimum

180 4173 282 4233 arridet,
305 4175 347 4239 qui
371 4174 399 4223 ad
423 4175 529 4225 Viennae
549 4178 668 4240 peractam
688 4188 782 4223 causam
804 4171 880 4221 denuo
901 4185 944 4220 nos
966 4173 1068 4221 revocat.
1103 4169 1169 4234 Quae
1193 4173 1315 4220 sriurnru

181 4254 210 4304 de
229 4269 311 4304 caussa
327 4256 463 4308 viennense
481 4255 577 4320 scripsit
593 4271 615 4308 ο.
632 4255 649 4305 l.
667 4255 691 4307 S.
709 4255 758 4305 436
776 4269 810 4319 sq.
827 4251 1007 4318 panegyristcm
1024 4252 1097 4302 nimis
1114 4252 1229 4304 redolent.

221 4337 389 4399 botoron.
410 4337 587 4388 ο.1.66-69.
688 4336 719 4400 ¹⁰)
737 4335 773 4386 Ib.
790 4351 815 4400 p.
834 4335 882 4385 168
900 4349 934 4399 sq.
1035 4333 1066 4396 11)
1085 4333 1121 4386 16.
1140 4335 1280 4392 214-217.

211 4419 241 4482 11)
260 4419 297 4470 16.
315 4435 339 4485 p.
357 4418 413 4472 270.
515 4419 546 4482 ¹³)
564 4418 600 4471 Ib.
617 4420 675 4470 449.
776 4418 807 4482 11)
826 4417 862 4470 lb.
880 4417 929 4468 649
947 4418 971 4467 et
987 4417 1045 4468 446.

210 4500 242 4564 11)
260 4501 296 4552 Ib.
313 4503 456 4555 atr-453.
557 4503 588 4566 11)
606 4501 644 4553 Ib.
661 4503 719 4552 446.

211 4585 242 4649 ¹⁷)
259 4599 424 4640 atonescam.
436 4603 457 4640 o.
465 4585 483 4640 l.
496 4586 548 4639 XV.
564 4602 588 4653 p.
601 4586 647 4637 321
654 4607 661 4649 ;
678 4598 865 4640 nsuncrnnanr.
876 4600 897 4638 0.
906 4585 924 4637 l.
935 4600 959 4651 p.
972 4584 1012 4636 36.
1024 4587 1048 4634 et
1060 4597 1135 4635 orno.
1153 4598 1175 4636 o.
1182 4582 1201 4636 1.
1218 4599 1243 4650 p.
1255 4583 1312 4635 215.
