<?xml version="1.0" encoding="UTF-8"?>
<!DOCTYPE html PUBLIC "-//W3C//DTD XHTML 1.0 Transitional//EN"
    "http://www.w3.org/TR/xhtml1/DTD/xhtml1-transitional.dtd">
<html xmlns="http://www.w3.org/1999/xhtml" xml:lang="en" lang="en">
 <head>
  <title>
</title>
<meta http-equiv="Content-Type" content="text/html;charset=utf-8" />
  <meta name='ocr-system' content='tesseract 3.04.00' />
  <meta name='ocr-capabilities' content='ocr_page ocr_carea ocr_par ocr_line ocrx_word'/>
</head>
<body>
  <div class='ocr_page' id='page_1' title='image "./disquisitiohist00kuypgoog_0178.png"; bbox 0 0 3240 5100; ppageno 0'>
   <div class='ocr_carea' id='block_1_1' title="bbox 801 287 859 347">
    <p class='ocr_par' dir='ltr' id='par_1_1' title="bbox 801 287 859 347">
     <span class='ocr_line' id='line_1_1' title="bbox 801 287 859 347; baseline 0 -1"><span class='ocrx_word' id='word_1_1' title='bbox 801 287 859 347; x_wconf 74' lang='lat' dir='ltr'>tto</span> 
     </span>
    </p>
   </div>
   <div class='ocr_carea' id='block_1_2' title="bbox 264 489 1401 1296">
    <p class='ocr_par' dir='ltr' id='par_1_2' title="bbox 264 489 1401 1296">
     <span class='ocr_line' id='line_1_2' title="bbox 264 489 1399 573; baseline -0.002 -21"><span class='ocrx_word' id='word_1_2' title='bbox 264 489 552 573; x_wconf 73' lang='lat' dir='ltr'>»doce(n1ur)⁸²);&#39;’</span> <span class='ocrx_word' id='word_1_3' title='bbox 593 501 701 552; x_wconf 80' lang='lat' dir='ltr'>»tanta</span> <span class='ocrx_word' id='word_1_4' title='bbox 729 490 835 571; x_wconf 87' lang='lat' dir='ltr'>(enim)</span> <span class='ocrx_word' id='word_1_5' title='bbox 864 499 910 551; x_wconf 90' lang='lat' dir='ltr'>est</span> <span class='ocrx_word' id='word_1_6' title='bbox 932 489 1044 551; x_wconf 75' lang='lat' dir='ltr'>Christi</span> <span class='ocrx_word' id='word_1_7' title='bbox 1066 492 1163 551; x_wconf 90' lang='lat' dir='ltr'>visae</span> <span class='ocrx_word' id='word_1_8' title='bbox 1185 491 1336 570; x_wconf 89' lang='lat' dir='ltr'>potentia,</span> <span class='ocrx_word' id='word_1_9' title='bbox 1365 501 1399 550; x_wconf 91' lang='lat' dir='ltr'>ut</span> 
     </span>
     <span class='ocr_line' id='line_1_3' title="bbox 265 597 1399 676; baseline -0.004 -18"><span class='ocrx_word' id='word_1_10' title='bbox 265 599 344 658; x_wconf 76' lang='lat' dir='ltr'>»etsi</span> <span class='ocrx_word' id='word_1_11' title='bbox 367 597 558 658; x_wconf 85' lang='lat' dir='ltr'>sacerdotum</span> <span class='ocrx_word' id='word_1_12' title='bbox 580 597 730 676; x_wconf 82' lang='lat' dir='ltr'>principes</span> <span class='ocrx_word' id='word_1_13' title='bbox 752 597 896 657; x_wconf 87' lang='lat' dir='ltr'>adventui</span> <span class='ocrx_word' id='word_1_14' title='bbox 920 614 991 664; x_wconf 93' lang='lat' dir='ltr'>suo,</span> <span class='ocrx_word' id='word_1_15' title='bbox 1020 605 1168 674; x_wconf 83' lang='lat' dir='ltr'>quantuni</span> <span class='ocrx_word' id='word_1_16' title='bbox 1191 605 1331 674; x_wconf 76' lang='lat' dir='ltr'>possunt,</span> <span class='ocrx_word' id='word_1_17' title='bbox 1354 615 1399 654; x_wconf 89' lang='lat' dir='ltr'>rc·</span> 
     </span>
     <span class='ocr_line' id='line_1_4' title="bbox 265 697 1397 779; baseline 0.004 -25"><span class='ocrx_word' id='word_1_18' title='bbox 265 703 433 771; x_wconf 65' lang='lat' dir='ltr'>solomoni,</span> <span class='ocrx_word' id='word_1_19' title='bbox 468 702 569 762; x_wconf 84' lang='lat' dir='ltr'>veniat</span> <span class='ocrx_word' id='word_1_20' title='bbox 602 711 703 760; x_wconf 86' lang='lat' dir='ltr'>tamen</span> <span class='ocrx_word' id='word_1_21' title='bbox 736 700 933 759; x_wconf 87' lang='lat' dir='ltr'>nibilominus</span> <span class='ocrx_word' id='word_1_22' title='bbox 965 698 1112 779; x_wconf 79' lang='lat' dir='ltr'>ipse⁵³).”</span> <span class='ocrx_word' id='word_1_23' title='bbox 1167 697 1266 769; x_wconf 85' lang='lat' dir='ltr'>Quum</span> <span class='ocrx_word' id='word_1_24' title='bbox 1296 709 1397 759; x_wconf 77' lang='lat' dir='ltr'>atatem</span> 
     </span>
     <span class='ocr_line' id='line_1_5' title="bbox 265 800 1400 884; baseline -0.001 -21"><span class='ocrx_word' id='word_1_25' title='bbox 265 805 328 884; x_wconf 89' lang='lat' dir='ltr'>ipsc</span> <span class='ocrx_word' id='word_1_26' title='bbox 350 801 430 862; x_wconf 90' lang='lat' dir='ltr'>Deus</span> <span class='ocrx_word' id='word_1_27' title='bbox 452 814 513 872; x_wconf 91' lang='lat' dir='ltr'>cst,</span> <span class='ocrx_word' id='word_1_28' title='bbox 557 801 715 861; x_wconf 75' lang='lat' dir='ltr'>»Christus</span> <span class='ocrx_word' id='word_1_29' title='bbox 738 819 812 881; x_wconf 92' lang='lat' dir='ltr'>opus</span> <span class='ocrx_word' id='word_1_30' title='bbox 834 821 923 861; x_wconf 86' lang='lat' dir='ltr'>suurn</span> <span class='ocrx_word' id='word_1_31' title='bbox 945 800 1037 861; x_wconf 86' lang='lat' dir='ltr'>efficit</span> <span class='ocrx_word' id='word_1_32' title='bbox 1060 821 1113 881; x_wconf 87' lang='lat' dir='ltr'>pcr</span> <span class='ocrx_word' id='word_1_33' title='bbox 1135 800 1281 880; x_wconf 86' lang='lat' dir='ltr'>Spiritum</span> <span class='ocrx_word' id='word_1_34' title='bbox 1303 815 1400 863; x_wconf 88' lang='lat' dir='ltr'>sctum</span> 
     </span>
     <span class='ocr_line' id='line_1_6' title="bbox 266 903 1401 984; baseline -0.002 -17"><span class='ocrx_word' id='word_1_35' title='bbox 266 909 320 967; x_wconf 74' lang='lat' dir='ltr'>»in</span> <span class='ocrx_word' id='word_1_36' title='bbox 350 905 493 968; x_wconf 75' lang='lat' dir='ltr'>cordibus</span> <span class='ocrx_word' id='word_1_37' title='bbox 522 903 720 984; x_wconf 67' lang='lat' dir='ltr'>nostris⁵⁴i,&#39;&#39;</span> <span class='ocrx_word' id='word_1_38' title='bbox 752 915 783 963; x_wconf 90' lang='lat' dir='ltr'>et</span> <span class='ocrx_word' id='word_1_39' title='bbox 812 904 901 963; x_wconf 87' lang='lat' dir='ltr'>simul</span> <span class='ocrx_word' id='word_1_40' title='bbox 927 903 1121 962; x_wconf 83' lang='lat' dir='ltr'>statuendum</span> <span class='ocrx_word' id='word_1_41' title='bbox 1144 915 1206 972; x_wconf 87' lang='lat' dir='ltr'>est,</span> <span class='ocrx_word' id='word_1_42' title='bbox 1248 905 1322 964; x_wconf 77' lang='lat' dir='ltr'>»dat</span> <span class='ocrx_word' id='word_1_43' title='bbox 1344 908 1401 983; x_wconf 88' lang='lat' dir='ltr'>siju</span> 
     </span>
     <span class='ocr_line' id='line_1_7' title="bbox 266 1007 1400 1092; baseline -0.002 -21"><span class='ocrx_word' id='word_1_44' title='bbox 266 1012 382 1092; x_wconf 82' lang='lat' dir='ltr'>»rycke</span> <span class='ocrx_word' id='word_1_45' title='bbox 405 1009 542 1070; x_wconf 87' lang='lat' dir='ltr'>ccuwich</span> <span class='ocrx_word' id='word_1_46' title='bbox 565 1009 671 1089; x_wconf 81' lang='lat' dir='ltr'>sij⁵⁵)”</span> <span class='ocrx_word' id='word_1_47' title='bbox 692 1019 724 1069; x_wconf 92' lang='lat' dir='ltr'>ct</span> <span class='ocrx_word' id='word_1_48' title='bbox 747 1027 999 1088; x_wconf 73' lang='lat' dir='ltr'>»permansurum</span> <span class='ocrx_word' id='word_1_49' title='bbox 1021 1007 1058 1067; x_wconf 92' lang='lat' dir='ltr'>ad</span> <span class='ocrx_word' id='word_1_50' title='bbox 1081 1009 1192 1068; x_wconf 88' lang='lat' dir='ltr'>soeculi</span> <span class='ocrx_word' id='word_1_51' title='bbox 1215 1027 1310 1088; x_wconf 92' lang='lat' dir='ltr'>usquc</span> <span class='ocrx_word' id='word_1_52' title='bbox 1332 1027 1400 1070; x_wconf 90' lang='lat' dir='ltr'>con·</span> 
     </span>
     <span class='ocr_line' id='line_1_8' title="bbox 267 1113 1401 1192; baseline 0 -17"><span class='ocrx_word' id='word_1_53' title='bbox 267 1143 279 1169; x_wconf 88' lang='lat'>»</span> <span class='ocrx_word' id='word_1_54' title='bbox 289 1116 538 1181; x_wconf 86' lang='lat' dir='ltr'>summationem,</span> <span class='ocrx_word' id='word_1_55' title='bbox 564 1125 595 1174; x_wconf 87' lang='lat' dir='ltr'>et</span> <span class='ocrx_word' id='word_1_56' title='bbox 619 1124 683 1172; x_wconf 88' lang='lat' dir='ltr'>tum</span> <span class='ocrx_word' id='word_1_57' title='bbox 705 1113 827 1173; x_wconf 86' lang='lat' dir='ltr'>demum</span> <span class='ocrx_word' id='word_1_58' title='bbox 848 1113 880 1171; x_wconf 91' lang='lat' dir='ltr'>in</span> <span class='ocrx_word' id='word_1_59' title='bbox 902 1113 998 1192; x_wconf 84' lang='lat' dir='ltr'>gloria</span> <span class='ocrx_word' id='word_1_60' title='bbox 1021 1131 1054 1172; x_wconf 91' lang='lat' dir='ltr'>ac</span> <span class='ocrx_word' id='word_1_61' title='bbox 1076 1114 1233 1173; x_wconf 87' lang='lat' dir='ltr'>maiestate</span> <span class='ocrx_word' id='word_1_62' title='bbox 1256 1133 1308 1173; x_wconf 90' lang='lat' dir='ltr'>sua</span> <span class='ocrx_word' id='word_1_63' title='bbox 1331 1133 1401 1175; x_wconf 88' lang='lat' dir='ltr'>ven·</span> 
     </span>
     <span class='ocr_line' id='line_1_9' title="bbox 267 1216 1178 1296; baseline 0.002 -23"><span class='ocrx_word' id='word_1_64' title='bbox 267 1229 392 1279; x_wconf 75' lang='lat' dir='ltr'>»turiuu</span> <span class='ocrx_word' id='word_1_65' title='bbox 414 1218 500 1278; x_wconf 88' lang='lat' dir='ltr'>illum</span> <span class='ocrx_word' id='word_1_66' title='bbox 522 1217 560 1276; x_wconf 91' lang='lat' dir='ltr'>ad</span> <span class='ocrx_word' id='word_1_67' title='bbox 582 1216 777 1276; x_wconf 88' lang='lat' dir='ltr'>iudicandum</span> <span class='ocrx_word' id='word_1_68' title='bbox 800 1217 884 1276; x_wconf 91' lang='lat' dir='ltr'>vivos</span> <span class='ocrx_word' id='word_1_69' title='bbox 906 1236 940 1276; x_wconf 89' lang='lat' dir='ltr'>ac</span> <span class='ocrx_word' id='word_1_70' title='bbox 961 1217 1178 1296; x_wconf 80' lang='lat' dir='ltr'>mortuos⁶⁶).’&#39;</span> 
     </span>
    </p>
   </div>
   <div class='ocr_carea' id='block_1_3' title="bbox 344 1422 1330 1588">
    <p class='ocr_par' dir='ltr' id='par_1_3' title="bbox 344 1422 1330 1588">
     <span class='ocr_line' id='line_1_10' title="bbox 344 1422 1330 1506; baseline 0.002 -22"><span class='ocrx_word' id='word_1_71' title='bbox 344 1423 365 1506; x_wconf 60' lang='lat'>5</span> <span class='ocrx_word' id='word_1_72' title='bbox 386 1426 415 1484; x_wconf 73' lang='lat'>2.</span> <span class='ocrx_word' id='word_1_73' title='bbox 456 1423 498 1483; x_wconf 84' lang='lat' dir='ltr'>De</span> <span class='ocrx_word' id='word_1_74' title='bbox 520 1422 668 1484; x_wconf 78' lang='lat' dir='ltr'>Ecclesiae</span> <span class='ocrx_word' id='word_1_75' title='bbox 687 1422 831 1484; x_wconf 74' lang='lat' dir='ltr'>ministris</span> <span class='ocrx_word' id='word_1_76' title='bbox 852 1423 883 1482; x_wconf 86' lang='lat' dir='ltr'>in</span> <span class='ocrx_word' id='word_1_77' title='bbox 904 1423 1051 1492; x_wconf 77' lang='lat' dir='ltr'>rtrtioerso,</span> <span class='ocrx_word' id='word_1_78' title='bbox 1073 1425 1161 1504; x_wconf 80' lang='lat' dir='ltr'>deque</span> <span class='ocrx_word' id='word_1_79' title='bbox 1182 1444 1278 1486; x_wconf 87' lang='lat' dir='ltr'>corum</span> <span class='ocrx_word' id='word_1_80' title='bbox 1299 1427 1330 1486; x_wconf 84' lang='lat' dir='ltr'>in</span> 
     </span>
     <span class='ocr_line' id='line_1_11' title="bbox 601 1527 1061 1588; baseline 0.002 -1"><span class='ocrx_word' id='word_1_81' title='bbox 601 1527 701 1588; x_wconf 82' lang='lat' dir='ltr'>curios</span> <span class='ocrx_word' id='word_1_82' title='bbox 728 1529 835 1588; x_wconf 79' lang='lat' dir='ltr'>classes</span> <span class='ocrx_word' id='word_1_83' title='bbox 854 1527 1061 1588; x_wconf 75' lang='lat' dir='ltr'>distributione.</span> 
     </span>
    </p>
   </div>
   <div class='ocr_carea' id='block_1_4' title="bbox 267 1733 1472 3689">
    <p class='ocr_par' dir='ltr' id='par_1_4' title="bbox 268 1733 1436 2961">
     <span class='ocr_line' id='line_1_12' title="bbox 308 1733 1407 1815; baseline 0.003 -19"><span class='ocrx_word' id='word_1_84' title='bbox 308 1735 445 1796; x_wconf 84' lang='lat' dir='ltr'>Vidimus</span> <span class='ocrx_word' id='word_1_85' title='bbox 467 1754 617 1796; x_wconf 88' lang='lat' dir='ltr'>summum</span> <span class='ocrx_word' id='word_1_86' title='bbox 640 1736 671 1796; x_wconf 92' lang='lat' dir='ltr'>in</span> <span class='ocrx_word' id='word_1_87' title='bbox 694 1733 824 1796; x_wconf 79' lang='lat' dir='ltr'>Ecclesia</span> <span class='ocrx_word' id='word_1_88' title='bbox 844 1736 1004 1815; x_wconf 89' lang='lat' dir='ltr'>imperium</span> <span class='ocrx_word' id='word_1_89' title='bbox 1024 1757 1040 1796; x_wconf 92' lang='lat' dir='ltr'>a</span> <span class='ocrx_word' id='word_1_90' title='bbox 1061 1737 1123 1797; x_wconf 88' lang='lat' dir='ltr'>Deo</span> <span class='ocrx_word' id='word_1_91' title='bbox 1141 1737 1261 1799; x_wconf 85' lang='lat' dir='ltr'>Christo</span> <span class='ocrx_word' id='word_1_92' title='bbox 1280 1737 1407 1800; x_wconf 85' lang='lat' dir='ltr'>Domino</span> 
     </span>
     <span class='ocr_line' id='line_1_13' title="bbox 268 1839 1408 1922; baseline 0 -20"><span class='ocrx_word' id='word_1_93' title='bbox 268 1853 372 1903; x_wconf 92' lang='lat' dir='ltr'>nostro</span> <span class='ocrx_word' id='word_1_94' title='bbox 401 1842 577 1902; x_wconf 85' lang='lat' dir='ltr'>mandatum</span> <span class='ocrx_word' id='word_1_95' title='bbox 607 1859 688 1909; x_wconf 89' lang='lat' dir='ltr'>csse,</span> <span class='ocrx_word' id='word_1_96' title='bbox 717 1841 769 1919; x_wconf 92' lang='lat' dir='ltr'>qui</span> <span class='ocrx_word' id='word_1_97' title='bbox 797 1841 829 1900; x_wconf 95' lang='lat' dir='ltr'>in</span> <span class='ocrx_word' id='word_1_98' title='bbox 856 1839 988 1900; x_wconf 82' lang='lat' dir='ltr'>Ecclesia</span> <span class='ocrx_word' id='word_1_99' title='bbox 1011 1841 1208 1920; x_wconf 84' lang='lat' dir='ltr'>gubernanda</span> <span class='ocrx_word' id='word_1_100' title='bbox 1230 1844 1321 1902; x_wconf 91' lang='lat' dir='ltr'>certis</span> <span class='ocrx_word' id='word_1_101' title='bbox 1343 1845 1408 1922; x_wconf 90' lang='lat' dir='ltr'>qui·</span> 
     </span>
     <span class='ocr_line' id='line_1_14' title="bbox 268 1945 1408 2023; baseline 0 -17"><span class='ocrx_word' id='word_1_102' title='bbox 268 1946 394 2006; x_wconf 85' lang='lat' dir='ltr'>busdam</span> <span class='ocrx_word' id='word_1_103' title='bbox 423 1945 668 2006; x_wconf 87' lang='lat' dir='ltr'>institutionibus</span> <span class='ocrx_word' id='word_1_104' title='bbox 694 1946 807 2013; x_wconf 85' lang='lat' dir='ltr'>utitur,</span> <span class='ocrx_word' id='word_1_105' title='bbox 837 1964 964 2023; x_wconf 90' lang='lat' dir='ltr'>quarum</span> <span class='ocrx_word' id='word_1_106' title='bbox 986 1945 1161 2006; x_wconf 84' lang='lat' dir='ltr'>hominihus</span> <span class='ocrx_word' id='word_1_107' title='bbox 1182 1949 1333 2007; x_wconf 86' lang='lat' dir='ltr'>commisit</span> <span class='ocrx_word' id='word_1_108' title='bbox 1355 1948 1408 2007; x_wconf 83' lang='lat' dir='ltr'>rui-</span> 
     </span>
     <span class='ocr_line' id='line_1_15' title="bbox 268 2041 1436 2130; baseline 0.001 -20"><span class='ocrx_word' id='word_1_109' title='bbox 268 2051 445 2118; x_wconf 87' lang='lat' dir='ltr'>nisteriuru,</span> <span class='ocrx_word' id='word_1_110' title='bbox 477 2051 508 2108; x_wconf 90' lang='lat' dir='ltr'>in</span> <span class='ocrx_word' id='word_1_111' title='bbox 541 2068 601 2128; x_wconf 91' lang='lat' dir='ltr'>quo</span> <span class='ocrx_word' id='word_1_112' title='bbox 634 2060 665 2110; x_wconf 89' lang='lat' dir='ltr'>et</span> <span class='ocrx_word' id='word_1_113' title='bbox 693 2051 777 2109; x_wconf 83' lang='lat' dir='ltr'>iuxta</span> <span class='ocrx_word' id='word_1_114' title='bbox 807 2049 888 2128; x_wconf 92' lang='lat' dir='ltr'>quod</span> <span class='ocrx_word' id='word_1_115' title='bbox 917 2051 980 2129; x_wconf 89' lang='lat' dir='ltr'>ipsc</span> <span class='ocrx_word' id='word_1_116' title='bbox 1009 2069 1063 2128; x_wconf 89' lang='lat' dir='ltr'>per</span> <span class='ocrx_word' id='word_1_117' title='bbox 1092 2041 1291 2130; x_wconf 77' lang='lat' dir='ltr'>spiritum&#39;in</span> <span class='ocrx_word' id='word_1_118' title='bbox 1321 2051 1408 2111; x_wconf 90' lang='lat' dir='ltr'>nobis</span> <span class='ocrx_word' id='word_1_119' title='bbox 1435 2109 1436 2112; x_wconf 73' lang='grc'>,</span> 
     </span>
     <span class='ocr_line' id='line_1_16' title="bbox 269 2152 1409 2235; baseline 0 -21"><span class='ocrx_word' id='word_1_120' title='bbox 269 2167 419 2235; x_wconf 88' lang='lat' dir='ltr'>operatur.</span> <span class='ocrx_word' id='word_1_121' title='bbox 462 2152 516 2213; x_wconf 87' lang='lat' dir='ltr'>Est</span> <span class='ocrx_word' id='word_1_122' title='bbox 546 2155 639 2232; x_wconf 80' lang='lat' dir='ltr'>igitur</span> <span class='ocrx_word' id='word_1_123' title='bbox 668 2155 893 2213; x_wconf 78' lang='lat' dir='ltr'>»ministerium</span> <span class='ocrx_word' id='word_1_124' title='bbox 923 2152 1165 2214; x_wconf 81' lang='lat' dir='ltr'>Ecclesiasticunr</span> <span class='ocrx_word' id='word_1_125' title='bbox 1195 2173 1256 2214; x_wconf 95' lang='lat' dir='ltr'>non</span> <span class='ocrx_word' id='word_1_126' title='bbox 1278 2154 1409 2214; x_wconf 85' lang='lat' dir='ltr'>bumana</span> 
     </span>
     <span class='ocr_line' id='line_1_17' title="bbox 270 2256 1408 2337; baseline 0 -19"><span class='ocrx_word' id='word_1_127' title='bbox 270 2260 345 2319; x_wconf 71' lang='lat' dir='ltr'>»scd</span> <span class='ocrx_word' id='word_1_128' title='bbox 374 2259 475 2318; x_wconf 90' lang='lat' dir='ltr'>divina</span> <span class='ocrx_word' id='word_1_129' title='bbox 498 2259 585 2336; x_wconf 89' lang='lat' dir='ltr'>plane</span> <span class='ocrx_word' id='word_1_130' title='bbox 608 2258 760 2316; x_wconf 87' lang='lat' dir='ltr'>institutio</span> <span class='ocrx_word' id='word_1_131' title='bbox 773 2257 828 2337; x_wconf 84' lang='grc' dir='ltr'>ι),”</span> <span class='ocrx_word' id='word_1_132' title='bbox 871 2257 1038 2336; x_wconf 81' lang='lat' dir='ltr'>»singulari</span> <span class='ocrx_word' id='word_1_133' title='bbox 1063 2256 1116 2317; x_wconf 88' lang='lat' dir='ltr'>Dei</span> <span class='ocrx_word' id='word_1_134' title='bbox 1138 2258 1286 2318; x_wconf 86' lang='lat' dir='ltr'>beneficio</span> <span class='ocrx_word' id='word_1_135' title='bbox 1308 2257 1408 2318; x_wconf 87' lang='lat' dir='ltr'>Eccle-</span> 
     </span>
     <span class='ocr_line' id='line_1_18' title="bbox 270 2359 1408 2441; baseline -0.001 -19"><span class='ocrx_word' id='word_1_136' title='bbox 270 2363 353 2422; x_wconf 75' lang='lat' dir='ltr'>»siac</span> <span class='ocrx_word' id='word_1_137' title='bbox 376 2361 551 2441; x_wconf 82' lang='lat' dir='ltr'>donata2).”</span> <span class='ocrx_word' id='word_1_138' title='bbox 594 2359 699 2439; x_wconf 88' lang='lat' dir='ltr'>Neque</span> <span class='ocrx_word' id='word_1_139' title='bbox 721 2361 889 2440; x_wconf 87' lang='lat' dir='ltr'>promiscue</span> <span class='ocrx_word' id='word_1_140' title='bbox 913 2362 1120 2440; x_wconf 87' lang='lat' dir='ltr'>unusquisque</span> <span class='ocrx_word' id='word_1_141' title='bbox 1139 2361 1230 2420; x_wconf 91' lang='lat' dir='ltr'>buius</span> <span class='ocrx_word' id='word_1_142' title='bbox 1247 2363 1408 2422; x_wconf 87' lang='lat' dir='ltr'>ministerii</span> 
     </span>
     <span class='ocr_line' id='line_1_19' title="bbox 269 2463 1409 2546; baseline 0.001 -21"><span class='ocrx_word' id='word_1_143' title='bbox 269 2477 369 2546; x_wconf 86' lang='lat' dir='ltr'>partes</span> <span class='ocrx_word' id='word_1_144' title='bbox 399 2465 550 2525; x_wconf 91' lang='lat' dir='ltr'>sustinere</span> <span class='ocrx_word' id='word_1_145' title='bbox 581 2474 696 2544; x_wconf 87' lang='lat' dir='ltr'>potest,</span> <span class='ocrx_word' id='word_1_146' title='bbox 739 2475 832 2524; x_wconf 81' lang='lat' dir='ltr'>»sunt</span> <span class='ocrx_word' id='word_1_147' title='bbox 861 2466 942 2524; x_wconf 76' lang='lat' dir='ltr'>enirn</span> <span class='ocrx_word' id='word_1_148' title='bbox 972 2465 1003 2524; x_wconf 90' lang='lat' dir='ltr'>in</span> <span class='ocrx_word' id='word_1_149' title='bbox 1033 2463 1181 2534; x_wconf 82' lang='lat' dir='ltr'>Ecclesia,</span> <span class='ocrx_word' id='word_1_150' title='bbox 1211 2484 1285 2544; x_wconf 91' lang='lat' dir='ltr'>quos</span> <span class='ocrx_word' id='word_1_151' title='bbox 1314 2467 1351 2526; x_wconf 92' lang='lat' dir='ltr'>ad</span> <span class='ocrx_word' id='word_1_152' title='bbox 1378 2467 1409 2526; x_wconf 93' lang='lat' dir='ltr'>id</span> 
     </span>
     <span class='ocr_line' id='line_1_20' title="bbox 269 2566 1408 2649; baseline 0.002 -20"><span class='ocrx_word' id='word_1_153' title='bbox 269 2569 486 2649; x_wconf 81' lang='lat' dir='ltr'>»peculiariter</span> <span class='ocrx_word' id='word_1_154' title='bbox 508 2567 545 2627; x_wconf 90' lang='lat' dir='ltr'>ab</span> <span class='ocrx_word' id='word_1_155' title='bbox 567 2568 694 2646; x_wconf 90' lang='lat' dir='ltr'>ipsomet</span> <span class='ocrx_word' id='word_1_156' title='bbox 717 2566 779 2627; x_wconf 87' lang='lat' dir='ltr'>Dco</span> <span class='ocrx_word' id='word_1_157' title='bbox 798 2569 1008 2648; x_wconf 86' lang='lat' dir='ltr'>perspiritum</span> <span class='ocrx_word' id='word_1_158' title='bbox 1027 2581 1123 2629; x_wconf 86' lang='lat' dir='ltr'>sotum</span> <span class='ocrx_word' id='word_1_159' title='bbox 1142 2571 1325 2631; x_wconf 88' lang='lat' dir='ltr'>constitutos</span> <span class='ocrx_word' id='word_1_160' title='bbox 1344 2590 1408 2632; x_wconf 85' lang='lat' dir='ltr'>essc</span> 
     </span>
     <span class='ocr_line' id='line_1_21' title="bbox 269 2671 1408 2753; baseline 0.002 -20"><span class='ocrx_word' id='word_1_161' title='bbox 269 2674 438 2752; x_wconf 81' lang='lat' dir='ltr'>»scriptura</span> <span class='ocrx_word' id='word_1_162' title='bbox 469 2672 531 2751; x_wconf 88' lang='lat' dir='ltr'>ipsu</span> <span class='ocrx_word' id='word_1_163' title='bbox 561 2690 617 2730; x_wconf 94' lang='lat' dir='ltr'>nos</span> <span class='ocrx_word' id='word_1_164' title='bbox 646 2671 796 2753; x_wconf 71' lang='lat' dir='ltr'>docet³j.&#39;’</span> <span class='ocrx_word' id='word_1_165' title='bbox 840 2671 939 2742; x_wconf 85' lang='lat' dir='ltr'>Quid?</span> <span class='ocrx_word' id='word_1_166' title='bbox 968 2673 1049 2752; x_wconf 93' lang='lat' dir='ltr'>quod</span> <span class='ocrx_word' id='word_1_167' title='bbox 1080 2675 1199 2734; x_wconf 81' lang='lat' dir='ltr'>»omnis</span> <span class='ocrx_word' id='word_1_168' title='bbox 1223 2675 1253 2733; x_wconf 95' lang='lat' dir='ltr'>in</span> <span class='ocrx_word' id='word_1_169' title='bbox 1276 2673 1408 2735; x_wconf 81' lang='lat' dir='ltr'>Ecclesia</span> 
     </span>
     <span class='ocr_line' id='line_1_22' title="bbox 268 2777 1408 2848; baseline 0.008 -18"><span class='ocrx_word' id='word_1_170' title='bbox 268 2796 445 2836; x_wconf 78' lang='lat' dir='ltr'>»successus</span> <span class='ocrx_word' id='word_1_171' title='bbox 474 2796 511 2835; x_wconf 84' lang='lat' dir='ltr'>ex</span> <span class='ocrx_word' id='word_1_172' title='bbox 540 2777 642 2835; x_wconf 84' lang='lat' dir='ltr'>divina</span> <span class='ocrx_word' id='word_1_173' title='bbox 673 2777 863 2836; x_wconf 87' lang='lat' dir='ltr'>ordinatione</span> <span class='ocrx_word' id='word_1_174' title='bbox 894 2797 909 2835; x_wconf 88' lang='lat' dir='ltr'>a</span> <span class='ocrx_word' id='word_1_175' title='bbox 939 2777 1146 2837; x_wconf 86' lang='lat' dir='ltr'>ministrorum</span> <span class='ocrx_word' id='word_1_176' title='bbox 1175 2777 1252 2848; x_wconf 85' lang='lat' dir='ltr'>fido,</span> <span class='ocrx_word' id='word_1_177' title='bbox 1281 2799 1352 2839; x_wconf 92' lang='lat' dir='ltr'>cura</span> <span class='ocrx_word' id='word_1_178' title='bbox 1375 2799 1408 2839; x_wconf 87' lang='lat' dir='ltr'>ac</span> 
     </span>
     <span class='ocr_line' id='line_1_23' title="bbox 268 2880 1062 2961; baseline 0.008 -27"><span class='ocrx_word' id='word_1_179' title='bbox 268 2881 403 2961; x_wconf 78' lang='lat' dir='ltr'>»pictate</span> <span class='ocrx_word' id='word_1_180' title='bbox 424 2880 554 2939; x_wconf 82' lang='lat' dir='ltr'>maxima</span> <span class='ocrx_word' id='word_1_181' title='bbox 576 2880 640 2939; x_wconf 88' lang='lat' dir='ltr'>scre</span> <span class='ocrx_word' id='word_1_182' title='bbox 662 2897 699 2938; x_wconf 89' lang='lat' dir='ltr'>cx</span> <span class='ocrx_word' id='word_1_183' title='bbox 723 2889 807 2958; x_wconf 87' lang='lat' dir='ltr'>parte</span> <span class='ocrx_word' id='word_1_184' title='bbox 829 2881 999 2960; x_wconf 87' lang='lat' dir='ltr'>propendet</span> <span class='ocrx_word' id='word_1_185' title='bbox 1011 2880 1062 2960; x_wconf 59' lang='grc'>4).”</span> 
     </span>
    </p>

    <p class='ocr_par' dir='ltr' id='par_1_5' title="bbox 267 2983 1472 3689">
     <span class='ocr_line' id='line_1_24' title="bbox 308 2983 1407 3064; baseline 0.002 -20"><span class='ocrx_word' id='word_1_186' title='bbox 308 2984 365 3044; x_wconf 87' lang='lat' dir='ltr'>Pro</span> <span class='ocrx_word' id='word_1_187' title='bbox 396 2985 499 3052; x_wconf 85' lang='lat' dir='ltr'>variis,</span> <span class='ocrx_word' id='word_1_188' title='bbox 522 2983 632 3062; x_wconf 89' lang='lat' dir='ltr'>quibus</span> <span class='ocrx_word' id='word_1_189' title='bbox 654 2983 825 3062; x_wconf 80' lang='lat' dir='ltr'>funguutur</span> <span class='ocrx_word' id='word_1_190' title='bbox 847 2983 968 3053; x_wconf 78' lang='lat' dir='ltr'>officiiS,</span> <span class='ocrx_word' id='word_1_191' title='bbox 991 2986 1021 3044; x_wconf 94' lang='lat' dir='ltr'>in</span> <span class='ocrx_word' id='word_1_192' title='bbox 1045 2996 1142 3045; x_wconf 90' lang='lat' dir='ltr'>certas</span> <span class='ocrx_word' id='word_1_193' title='bbox 1166 2987 1310 3064; x_wconf 84' lang='lat' dir='ltr'>quasdam</span> <span class='ocrx_word' id='word_1_194' title='bbox 1333 2987 1407 3048; x_wconf 90' lang='lat' dir='ltr'>divi·</span> 
     </span>
     <span class='ocr_line' id='line_1_25' title="bbox 267 3087 1472 3168; baseline 0 -17"><span class='ocrx_word' id='word_1_195' title='bbox 267 3092 382 3151; x_wconf 91' lang='lat' dir='ltr'>duntur</span> <span class='ocrx_word' id='word_1_196' title='bbox 404 3091 528 3157; x_wconf 79' lang='lat' dir='ltr'>classes,</span> <span class='ocrx_word' id='word_1_197' title='bbox 550 3089 587 3148; x_wconf 92' lang='lat' dir='ltr'>de</span> <span class='ocrx_word' id='word_1_198' title='bbox 610 3102 668 3166; x_wconf 86' lang='lat' dir='ltr'>qua</span> <span class='ocrx_word' id='word_1_199' title='bbox 690 3107 724 3147; x_wconf 91' lang='lat' dir='ltr'>re</span> <span class='ocrx_word' id='word_1_200' title='bbox 746 3089 787 3147; x_wconf 89' lang='lat' dir='ltr'>sic</span> <span class='ocrx_word' id='word_1_201' title='bbox 809 3099 927 3148; x_wconf 86' lang='lat' dir='ltr'>noster:</span> <span class='ocrx_word' id='word_1_202' title='bbox 966 3087 1047 3148; x_wconf 88' lang='lat' dir='ltr'>»Het</span> <span class='ocrx_word' id='word_1_203' title='bbox 1066 3101 1148 3168; x_wconf 88' lang='lat' dir='ltr'>ampt</span> <span class='ocrx_word' id='word_1_204' title='bbox 1166 3090 1221 3150; x_wconf 86' lang='lat' dir='ltr'>der</span> <span class='ocrx_word' id='word_1_205' title='bbox 1239 3089 1407 3151; x_wconf 85' lang='lat' dir='ltr'>Dicnacrcn</span> <span class='ocrx_word' id='word_1_206' title='bbox 1470 3153 1472 3157; x_wconf 80' lang='grc'>,</span> 
     </span>
     <span class='ocr_line' id='line_1_26' title="bbox 268 3190 1406 3274; baseline 0 -20"><span class='ocrx_word' id='word_1_207' title='bbox 268 3195 345 3254; x_wconf 81' lang='lat' dir='ltr'>»der</span> <span class='ocrx_word' id='word_1_208' title='bbox 374 3193 563 3272; x_wconf 88' lang='lat' dir='ltr'>Gbemeynte</span> <span class='ocrx_word' id='word_1_209' title='bbox 593 3193 618 3251; x_wconf 90' lang='lat' dir='ltr'>is</span> <span class='ocrx_word' id='word_1_210' title='bbox 647 3190 874 3272; x_wconf 81' lang='lat' dir='ltr'>monigberley‚</span> <span class='ocrx_word' id='word_1_211' title='bbox 904 3191 1036 3272; x_wconf 77' lang='lat' dir='ltr'>ghelyck</span> <span class='ocrx_word' id='word_1_212' title='bbox 1066 3195 1109 3252; x_wconf 89' lang='lat' dir='ltr'>als</span> <span class='ocrx_word' id='word_1_213' title='bbox 1138 3194 1175 3254; x_wconf 89' lang='lat' dir='ltr'>dc</span> <span class='ocrx_word' id='word_1_214' title='bbox 1201 3193 1406 3274; x_wconf 84' lang='lat' dir='ltr'>bedieninghc</span> 
     </span>
     <span class='ocr_line' id='line_1_27' title="bbox 267 3295 1405 3376; baseline 0.006 -24"><span class='ocrx_word' id='word_1_215' title='bbox 267 3325 279 3352; x_wconf 67' lang='lat' dir='ltr'>a</span> <span class='ocrx_word' id='word_1_216' title='bbox 290 3299 380 3358; x_wconf 91' lang='lat' dir='ltr'>selue.</span> <span class='ocrx_word' id='word_1_217' title='bbox 424 3295 509 3355; x_wconf 88' lang='lat' dir='ltr'>Endc</span> <span class='ocrx_word' id='word_1_218' title='bbox 538 3296 575 3355; x_wconf 89' lang='lat' dir='ltr'>de</span> <span class='ocrx_word' id='word_1_219' title='bbox 606 3295 756 3374; x_wconf 87' lang='lat' dir='ltr'>opcnbare</span> <span class='ocrx_word' id='word_1_220' title='bbox 786 3295 905 3365; x_wconf 88' lang='lat' dir='ltr'>dienstc</span> <span class='ocrx_word' id='word_1_221' title='bbox 935 3297 966 3354; x_wconf 93' lang='lat' dir='ltr'>in</span> <span class='ocrx_word' id='word_1_222' title='bbox 996 3297 1035 3356; x_wconf 91' lang='lat' dir='ltr'>de</span> <span class='ocrx_word' id='word_1_223' title='bbox 1064 3297 1249 3376; x_wconf 80' lang='lat' dir='ltr'>ghenreynte</span> <span class='ocrx_word' id='word_1_224' title='bbox 1279 3298 1405 3367; x_wconf 76' lang='lat' dir='ltr'>Christi,</span> 
     </span>
     <span class='ocr_line' id='line_1_28' title="bbox 267 3399 1405 3482; baseline 0.005 -26"><span class='ocrx_word' id='word_1_225' title='bbox 267 3430 279 3456; x_wconf 65' lang='lat' dir='ltr'>a</span> <span class='ocrx_word' id='word_1_226' title='bbox 290 3421 347 3482; x_wconf 91' lang='lat' dir='ltr'>syn</span> <span class='ocrx_word' id='word_1_227' title='bbox 377 3399 602 3460; x_wconf 83' lang='lat' dir='ltr'>voorncureliek</span> <span class='ocrx_word' id='word_1_228' title='bbox 631 3400 703 3478; x_wconf 88' lang='lat' dir='ltr'>dry:</span> <span class='ocrx_word' id='word_1_229' title='bbox 729 3401 879 3460; x_wconf 87' lang='lat' dir='ltr'>namelick</span> <span class='ocrx_word' id='word_1_230' title='bbox 908 3401 961 3460; x_wconf 88' lang='lat' dir='ltr'>des</span> <span class='ocrx_word' id='word_1_231' title='bbox 983 3409 1098 3469; x_wconf 78' lang='lat' dir='ltr'>iocorts,</span> <span class='ocrx_word' id='word_1_232' title='bbox 1120 3402 1173 3461; x_wconf 90' lang='lat' dir='ltr'>dos</span> <span class='ocrx_word' id='word_1_233' title='bbox 1196 3409 1307 3462; x_wconf 83' lang='lat' dir='ltr'>scoeerts</span> <span class='ocrx_word' id='word_1_234' title='bbox 1329 3403 1405 3462; x_wconf 90' lang='lat' dir='ltr'>ende</span> 
     </span>
     <span class='ocr_line' id='line_1_29' title="bbox 268 3503 1405 3586; baseline 0.005 -25"><span class='ocrx_word' id='word_1_235' title='bbox 268 3508 344 3567; x_wconf 71' lang='lat' dir='ltr'>»der</span> <span class='ocrx_word' id='word_1_236' title='bbox 373 3504 482 3582; x_wconf 77' lang='lat' dir='ltr'>tofeleu</span> <span class='ocrx_word' id='word_1_237' title='bbox 511 3522 584 3563; x_wconf 91' lang='lat' dir='ltr'>voor</span> <span class='ocrx_word' id='word_1_238' title='bbox 614 3503 673 3564; x_wconf 90' lang='lat' dir='ltr'>den</span> <span class='ocrx_word' id='word_1_239' title='bbox 700 3504 864 3586; x_wconf 79' lang='lat' dir='ltr'>arinen⁵).’&#39;</span> <span class='ocrx_word' id='word_1_240' title='bbox 915 3503 945 3564; x_wconf 88' lang='lat' dir='ltr'>Si</span> <span class='ocrx_word' id='word_1_241' title='bbox 976 3516 1076 3565; x_wconf 86' lang='lat' dir='ltr'>tamen</span> <span class='ocrx_word' id='word_1_242' title='bbox 1106 3507 1233 3566; x_wconf 79' lang='lat' dir='ltr'>arctiore</span> <span class='ocrx_word' id='word_1_243' title='bbox 1256 3527 1345 3568; x_wconf 88' lang='lat' dir='ltr'>sensu</span> <span class='ocrx_word' id='word_1_244' title='bbox 1368 3509 1405 3567; x_wconf 90' lang='lat' dir='ltr'>ad</span> 
     </span>
     <span class='ocr_line' id='line_1_30' title="bbox 267 3606 1405 3689; baseline -0.002 -18"><span class='ocrx_word' id='word_1_245' title='bbox 267 3609 430 3672; x_wconf 85' lang='lat' dir='ltr'>Ecclesiam</span> <span class='ocrx_word' id='word_1_246' title='bbox 447 3607 566 3686; x_wconf 89' lang='lat' dir='ltr'>proprie</span> <span class='ocrx_word' id='word_1_247' title='bbox 588 3607 631 3665; x_wconf 90' lang='lat' dir='ltr'>sio</span> <span class='ocrx_word' id='word_1_248' title='bbox 653 3606 763 3666; x_wconf 88' lang='lat' dir='ltr'>dictam</span> <span class='ocrx_word' id='word_1_249' title='bbox 786 3607 973 3674; x_wconf 87' lang='lat' dir='ltr'>attenditur,</span> <span class='ocrx_word' id='word_1_250' title='bbox 995 3607 1115 3667; x_wconf 90' lang='lat' dir='ltr'>nonnisi</span> <span class='ocrx_word' id='word_1_251' title='bbox 1149 3608 1232 3668; x_wconf 79' lang='lat' dir='ltr'>»duo</span> <span class='ocrx_word' id='word_1_252' title='bbox 1254 3611 1405 3689; x_wconf 86' lang='lat' dir='ltr'>praecipui</span> 
     </span>
    </p>
   </div>
   <div class='ocr_carea' id='block_1_5' title="bbox 265 3905 1403 4634">
    <p class='ocr_par' dir='ltr' id='par_1_6' title="bbox 295 3905 1107 3972">
     <span class='ocr_line' id='line_1_31' title="bbox 295 3905 1107 3972; baseline -0.007 -13"><span class='ocrx_word' id='word_1_253' title='bbox 295 3911 326 3972; x_wconf 71' lang='grc' dir='ltr'>ὃἸ)</span> <span class='ocrx_word' id='word_1_254' title='bbox 344 3908 432 3958; x_wconf 82' lang='lat' dir='ltr'>Adnot.</span> <span class='ocrx_word' id='word_1_255' title='bbox 450 3905 564 3955; x_wconf 79' lang='lat' dir='ltr'>adeone.</span> <span class='ocrx_word' id='word_1_256' title='bbox 584 3906 690 3955; x_wconf 81' lang='lat' dir='ltr'>Nooiom.</span> <span class='ocrx_word' id='word_1_257' title='bbox 710 3906 800 3970; x_wconf 78' lang='lat' dir='ltr'>(Sintpl.</span> <span class='ocrx_word' id='word_1_258' title='bbox 819 3922 849 3954; x_wconf 81' lang='lat' dir='ltr'>ac</span> <span class='ocrx_word' id='word_1_259' title='bbox 857 3906 906 3970; x_wconf 78' lang='lat' dir='ltr'>fiel.</span> <span class='ocrx_word' id='word_1_260' title='bbox 924 3921 989 3954; x_wconf 84' lang='lat' dir='ltr'>narr.</span> <span class='ocrx_word' id='word_1_261' title='bbox 1007 3921 1030 3968; x_wconf 89' lang='lat' dir='ltr'>p.</span> <span class='ocrx_word' id='word_1_262' title='bbox 1049 3905 1107 3965; x_wconf 78' lang='grc'>68).</span> 
     </span>
    </p>

    <p class='ocr_par' dir='ltr' id='par_1_7' title="bbox 295 3986 897 4054">
     <span class='ocr_line' id='line_1_32' title="bbox 295 3986 897 4054; baseline -0.008 -13"><span class='ocrx_word' id='word_1_263' title='bbox 295 3993 326 4054; x_wconf 84' lang='lat'>⁵³)</span> <span class='ocrx_word' id='word_1_264' title='bbox 345 3993 388 4054; x_wconf 86' lang='lat' dir='ltr'>Ep.</span> <span class='ocrx_word' id='word_1_265' title='bbox 406 3990 441 4040; x_wconf 80' lang='lat' dir='ltr'>acl</span> <span class='ocrx_word' id='word_1_266' title='bbox 456 3988 547 4053; x_wconf 71' lang='lat' dir='ltr'>Sipism.</span> <span class='ocrx_word' id='word_1_267' title='bbox 566 3989 629 4048; x_wconf 88' lang='lat' dir='ltr'>(Ser.</span> <span class='ocrx_word' id='word_1_268' title='bbox 647 3992 697 4038; x_wconf 81' lang='lat' dir='ltr'>ant.</span> <span class='ocrx_word' id='word_1_269' title='bbox 715 3987 750 4037; x_wconf 92' lang='lat' dir='ltr'>II.</span> <span class='ocrx_word' id='word_1_270' title='bbox 768 3988 802 4038; x_wconf 74' lang='lat'>2³.</span> <span class='ocrx_word' id='word_1_271' title='bbox 821 3986 897 4049; x_wconf 82' lang='grc'>713.)</span> 
     </span>
    </p>

    <p class='ocr_par' dir='ltr' id='par_1_8' title="bbox 266 4066 1403 4222">
     <span class='ocr_line' id='line_1_33' title="bbox 294 4066 1403 4136; baseline -0.005 -15"><span class='ocrx_word' id='word_1_272' title='bbox 294 4076 325 4136; x_wconf 79' lang='lat'>⁵⁴)</span> <span class='ocrx_word' id='word_1_273' title='bbox 349 4073 428 4124; x_wconf 76' lang='lat' dir='ltr'>Praei.</span> <span class='ocrx_word' id='word_1_274' title='bbox 450 4072 480 4121; x_wconf 86' lang='lat' dir='ltr'>de</span> <span class='ocrx_word' id='word_1_275' title='bbox 502 4073 607 4120; x_wconf 81' lang='lat' dir='ltr'>Sacram.</span> <span class='ocrx_word' id='word_1_276' title='bbox 630 4087 653 4134; x_wconf 90' lang='lat' dir='ltr'>p.</span> <span class='ocrx_word' id='word_1_277' title='bbox 676 4071 728 4119; x_wconf 73' lang='lat'>21⁰.</span> <span class='ocrx_word' id='word_1_278' title='bbox 750 4070 786 4118; x_wconf 83' lang='lat' dir='ltr'>cf.</span> <span class='ocrx_word' id='word_1_279' title='bbox 808 4069 841 4120; x_wconf 87' lang='lat' dir='ltr'>ib.</span> <span class='ocrx_word' id='word_1_280' title='bbox 867 4085 891 4134; x_wconf 91' lang='lat' dir='ltr'>p.</span> <span class='ocrx_word' id='word_1_281' title='bbox 913 4067 960 4118; x_wconf 73' lang='lat' dir='ltr'>aab</span> <span class='ocrx_word' id='word_1_282' title='bbox 980 4071 1004 4116; x_wconf 83' lang='lat' dir='ltr'>oi</span> <span class='ocrx_word' id='word_1_283' title='bbox 1029 4070 1116 4117; x_wconf 83' lang='lat' dir='ltr'>Forma</span> <span class='ocrx_word' id='word_1_284' title='bbox 1139 4083 1168 4116; x_wconf 84' lang='lat' dir='ltr'>ae</span> <span class='ocrx_word' id='word_1_285' title='bbox 1190 4069 1237 4116; x_wconf 86' lang='lat' dir='ltr'>rat.</span> <span class='ocrx_word' id='word_1_286' title='bbox 1254 4067 1309 4116; x_wconf 83' lang='lat' dir='ltr'>min.</span> <span class='ocrx_word' id='word_1_287' title='bbox 1327 4066 1403 4116; x_wconf 83' lang='lat' dir='ltr'>Loncl.</span> 
     </span>
     <span class='ocr_line' id='line_1_34' title="bbox 266 4152 1021 4222; baseline -0.007 -18"><span class='ocrx_word' id='word_1_288' title='bbox 266 4174 289 4222; x_wconf 91' lang='lat' dir='ltr'>p.</span> <span class='ocrx_word' id='word_1_289' title='bbox 309 4157 364 4206; x_wconf 83' lang='lat'>593.</span> <span class='ocrx_word' id='word_1_290' title='bbox 466 4154 497 4215; x_wconf 77' lang='lat'>¹²⁵)</span> <span class='ocrx_word' id='word_1_291' title='bbox 517 4154 586 4218; x_wconf 77' lang='lat' dir='ltr'>Coos.</span> <span class='ocrx_word' id='word_1_292' title='bbox 596 4154 661 4218; x_wconf 79' lang='lat' dir='ltr'>fidei</span> <span class='ocrx_word' id='word_1_293' title='bbox 676 4168 701 4217; x_wconf 92' lang='lat' dir='ltr'>p.</span> <span class='ocrx_word' id='word_1_294' title='bbox 719 4153 734 4200; x_wconf 89' lang='lat'>8</span> <span class='ocrx_word' id='word_1_295' title='bbox 753 4152 895 4213; x_wconf 73' lang='lat' dir='ltr'>(Haemon,</span> <span class='ocrx_word' id='word_1_296' title='bbox 913 4167 936 4216; x_wconf 88' lang='lat' dir='ltr'>p.</span> <span class='ocrx_word' id='word_1_297' title='bbox 955 4152 1021 4212; x_wconf 77' lang='lat'>244).</span> 
     </span>
    </p>

    <p class='ocr_par' dir='ltr' id='par_1_9' title="bbox 294 4232 1378 4302">
     <span class='ocr_line' id='line_1_35' title="bbox 294 4232 1378 4302; baseline -0.008 -15"><span class='ocrx_word' id='word_1_298' title='bbox 294 4241 326 4302; x_wconf 79' lang='lat'>⁵⁶)</span> <span class='ocrx_word' id='word_1_299' title='bbox 344 4240 430 4288; x_wconf 82' lang='lat' dir='ltr'>Forma</span> <span class='ocrx_word' id='word_1_300' title='bbox 450 4252 480 4285; x_wconf 83' lang='lat' dir='ltr'>ee</span> <span class='ocrx_word' id='word_1_301' title='bbox 498 4241 545 4286; x_wconf 82' lang='lat' dir='ltr'>rat.</span> <span class='ocrx_word' id='word_1_302' title='bbox 566 4238 622 4285; x_wconf 87' lang='lat' dir='ltr'>min.</span> <span class='ocrx_word' id='word_1_303' title='bbox 642 4236 718 4285; x_wconf 79' lang='lat' dir='ltr'>Locd.</span> <span class='ocrx_word' id='word_1_304' title='bbox 736 4251 760 4300; x_wconf 92' lang='lat' dir='ltr'>p.</span> <span class='ocrx_word' id='word_1_305' title='bbox 779 4235 834 4289; x_wconf 82' lang='lat'>175.</span> <span class='ocrx_word' id='word_1_306' title='bbox 853 4234 889 4283; x_wconf 83' lang='lat' dir='ltr'>Gi.</span> <span class='ocrx_word' id='word_1_307' title='bbox 910 4235 977 4299; x_wconf 77' lang='lat' dir='ltr'>Coos.</span> <span class='ocrx_word' id='word_1_308' title='bbox 987 4233 1052 4299; x_wconf 86' lang='lat' dir='ltr'>fidci</span> <span class='ocrx_word' id='word_1_309' title='bbox 1067 4249 1091 4297; x_wconf 91' lang='lat' dir='ltr'>p.</span> <span class='ocrx_word' id='word_1_310' title='bbox 1111 4233 1133 4282; x_wconf 85' lang='lat'>9.</span> <span class='ocrx_word' id='word_1_311' title='bbox 1153 4235 1284 4294; x_wconf 70' lang='lat' dir='ltr'>(tinniunt.</span> <span class='ocrx_word' id='word_1_312' title='bbox 1303 4232 1378 4292; x_wconf 80' lang='grc'>246).</span> 
     </span>
    </p>

    <p class='ocr_par' dir='ltr' id='par_1_10' title="bbox 307 4314 1324 4384">
     <span class='ocr_line' id='line_1_36' title="bbox 307 4314 1324 4384; baseline -0.004 -16"><span class='ocrx_word' id='word_1_313' title='bbox 307 4321 326 4384; x_wconf 93' lang='lat'>¹)</span> <span class='ocrx_word' id='word_1_314' title='bbox 345 4321 430 4370; x_wconf 84' lang='lat' dir='ltr'>Forma</span> <span class='ocrx_word' id='word_1_315' title='bbox 448 4335 477 4368; x_wconf 85' lang='lat' dir='ltr'>ae</span> <span class='ocrx_word' id='word_1_316' title='bbox 494 4323 541 4368; x_wconf 83' lang='lat' dir='ltr'>rel.</span> <span class='ocrx_word' id='word_1_317' title='bbox 559 4319 614 4368; x_wconf 84' lang='lat' dir='ltr'>min.</span> <span class='ocrx_word' id='word_1_318' title='bbox 632 4318 706 4368; x_wconf 79' lang='lat' dir='ltr'>Icnd.</span> <span class='ocrx_word' id='word_1_319' title='bbox 725 4335 747 4384; x_wconf 91' lang='lat' dir='ltr'>p.</span> <span class='ocrx_word' id='word_1_320' title='bbox 768 4339 788 4368; x_wconf 73' lang='lat' dir='ltr'>r.</span> <span class='ocrx_word' id='word_1_321' title='bbox 924 4317 943 4379; x_wconf 72' lang='lat'>⁹)</span> <span class='ocrx_word' id='word_1_322' title='bbox 963 4315 999 4364; x_wconf 93' lang='lat' dir='ltr'>Ib.</span> <span class='ocrx_word' id='word_1_323' title='bbox 1133 4315 1153 4377; x_wconf 81' lang='lat'>³)</span> <span class='ocrx_word' id='word_1_324' title='bbox 1172 4314 1208 4363; x_wconf 90' lang='lat' dir='ltr'>lb.</span> <span class='ocrx_word' id='word_1_325' title='bbox 1226 4331 1250 4379; x_wconf 93' lang='lat' dir='ltr'>p.</span> <span class='ocrx_word' id='word_1_326' title='bbox 1269 4315 1324 4364; x_wconf 88' lang='lat'>510.</span> 
     </span>
    </p>

    <p class='ocr_par' dir='ltr' id='par_1_11' title="bbox 265 4396 1403 4549">
     <span class='ocr_line' id='line_1_37' title="bbox 306 4396 1403 4467; baseline -0.005 -17"><span class='ocrx_word' id='word_1_327' title='bbox 306 4403 326 4465; x_wconf 84' lang='lat'>⁴)</span> <span class='ocrx_word' id='word_1_328' title='bbox 347 4401 383 4450; x_wconf 94' lang='lat' dir='ltr'>Ib.</span> <span class='ocrx_word' id='word_1_329' title='bbox 408 4419 432 4467; x_wconf 92' lang='lat' dir='ltr'>p.</span> <span class='ocrx_word' id='word_1_330' title='bbox 455 4420 476 4450; x_wconf 74' lang='lat' dir='ltr'>s.</span> <span class='ocrx_word' id='word_1_331' title='bbox 505 4401 540 4449; x_wconf 85' lang='lat' dir='ltr'>Cl.</span> <span class='ocrx_word' id='word_1_332' title='bbox 565 4399 597 4448; x_wconf 89' lang='lat' dir='ltr'>ib.</span> <span class='ocrx_word' id='word_1_333' title='bbox 621 4417 649 4464; x_wconf 82' lang='grc' dir='ltr'>η,</span> <span class='ocrx_word' id='word_1_334' title='bbox 672 4399 716 4459; x_wconf 78' lang='lat'>24,</span> <span class='ocrx_word' id='word_1_335' title='bbox 739 4400 783 4458; x_wconf 83' lang='lat'>25,</span> <span class='ocrx_word' id='word_1_336' title='bbox 807 4400 853 4460; x_wconf 80' lang='lat'>45,</span> <span class='ocrx_word' id='word_1_337' title='bbox 874 4399 929 4448; x_wconf 84' lang='lat'>509.</span> <span class='ocrx_word' id='word_1_338' title='bbox 953 4400 997 4464; x_wconf 79' lang='lat' dir='ltr'>Ep.</span> <span class='ocrx_word' id='word_1_339' title='bbox 1016 4399 1050 4448; x_wconf 84' lang='lat' dir='ltr'>ad</span> <span class='ocrx_word' id='word_1_340' title='bbox 1066 4399 1098 4448; x_wconf 90' lang='lat' dir='ltr'>N.</span> <span class='ocrx_word' id='word_1_341' title='bbox 1118 4399 1150 4446; x_wconf 87' lang='lat' dir='ltr'>N.</span> <span class='ocrx_word' id='word_1_342' title='bbox 1170 4398 1228 4458; x_wconf 83' lang='lat' dir='ltr'>(Ser.</span> <span class='ocrx_word' id='word_1_343' title='bbox 1246 4401 1296 4445; x_wconf 82' lang='lat' dir='ltr'>ant.</span> <span class='ocrx_word' id='word_1_344' title='bbox 1315 4396 1349 4446; x_wconf 89' lang='lat' dir='ltr'>II.</span> <span class='ocrx_word' id='word_1_345' title='bbox 1369 4398 1403 4444; x_wconf 72' lang='lat'>1²¹.</span> 
     </span>
     <span class='ocr_line' id='line_1_38' title="bbox 265 4479 1403 4549; baseline -0.006 -13"><span class='ocrx_word' id='word_1_346' title='bbox 265 4486 341 4548; x_wconf 83' lang='grc'>490).</span> <span class='ocrx_word' id='word_1_347' title='bbox 366 4485 434 4549; x_wconf 81' lang='lat' dir='ltr'>Conf.</span> <span class='ocrx_word' id='word_1_348' title='bbox 444 4484 508 4549; x_wconf 76' lang='lat' dir='ltr'>fidei</span> <span class='ocrx_word' id='word_1_349' title='bbox 524 4500 547 4548; x_wconf 93' lang='lat' dir='ltr'>p.</span> <span class='ocrx_word' id='word_1_350' title='bbox 566 4483 623 4542; x_wconf 72' lang='lat'>21³,</span> <span class='ocrx_word' id='word_1_351' title='bbox 642 4480 694 4532; x_wconf 65' lang='lat'>2211.</span> <span class='ocrx_word' id='word_1_352' title='bbox 715 4483 848 4542; x_wconf 74' lang='lat' dir='ltr'>(ancusae.</span> <span class='ocrx_word' id='word_1_353' title='bbox 866 4495 890 4545; x_wconf 92' lang='lat' dir='ltr'>p.</span> <span class='ocrx_word' id='word_1_354' title='bbox 909 4481 971 4542; x_wconf 80' lang='lat'>269,</span> <span class='ocrx_word' id='word_1_355' title='bbox 991 4481 1065 4542; x_wconf 79' lang='grc'>271).</span> <span class='ocrx_word' id='word_1_356' title='bbox 1086 4481 1137 4531; x_wconf 80' lang='lat' dir='ltr'>Cat.</span> <span class='ocrx_word' id='word_1_357' title='bbox 1155 4479 1231 4530; x_wconf 83' lang='lat' dir='ltr'>Lond.</span> <span class='ocrx_word' id='word_1_358' title='bbox 1249 4481 1305 4530; x_wconf 86' lang='lat' dir='ltr'>mei.</span> <span class='ocrx_word' id='word_1_359' title='bbox 1321 4495 1345 4544; x_wconf 90' lang='lat' dir='ltr'>p.</span> <span class='ocrx_word' id='word_1_360' title='bbox 1365 4481 1403 4530; x_wconf 79' lang='lat'>60.</span> 
     </span>
    </p>

    <p class='ocr_par' dir='ltr' id='par_1_12' title="bbox 306 4564 832 4634">
     <span class='ocr_line' id='line_1_39' title="bbox 306 4564 832 4634; baseline -0.011 -16"><span class='ocrx_word' id='word_1_361' title='bbox 306 4569 326 4634; x_wconf 84' lang='lat'>⁵)</span> <span class='ocrx_word' id='word_1_362' title='bbox 347 4569 414 4634; x_wconf 79' lang='lat' dir='ltr'>cons.</span> <span class='ocrx_word' id='word_1_363' title='bbox 424 4567 489 4634; x_wconf 79' lang='lat' dir='ltr'>fidei</span> <span class='ocrx_word' id='word_1_364' title='bbox 506 4582 527 4631; x_wconf 91' lang='lat' dir='ltr'>p.</span> <span class='ocrx_word' id='word_1_365' title='bbox 546 4567 585 4614; x_wconf 79' lang='lat'>21.</span> <span class='ocrx_word' id='word_1_366' title='bbox 605 4569 738 4628; x_wconf 71' lang='lat' dir='ltr'>(caesinas.</span> <span class='ocrx_word' id='word_1_367' title='bbox 757 4564 832 4627; x_wconf 83' lang='lat'>270.).</span> 
     </span>
    </p>
   </div>
   <div class='ocr_carea' id='block_1_6' title="bbox 0 0 1624 5100">
    <p class='ocr_par' dir='ltr' id='par_1_13' title="bbox 0 0 1624 5100">
     <span class='ocr_line' id='line_1_40' title="bbox 0 0 1624 5100; baseline 0 0"><span class='ocrx_word' id='word_1_368' title='bbox 0 0 1624 5100; x_wconf 95' lang='lat' dir='ltr'> </span> 
     </span>
    </p>
   </div>
  </div>
 </body>
</html>
