3240 5100
634 488 912 579 THESES.

693 687 853 706 VWWWVWVV

202 800 229 860 l.
271 798 438 862 Discrimen
467 801 582 863 Calvini
611 801 692 862 inter
717 799 864 881 Lascique
886 801 925 862 de
946 799 1079 863 Ecclesia
1101 802 1284 864 sententiam
1305 804 1337 866 in

272 923 310 966 eo
340 906 470 966 maxime
498 906 647 974 cernitur,
675 906 758 985 quod
785 904 929 966 Iudaismi
958 906 1100 986 vestigia,
1128 926 1205 986 quac
1227 907 1258 968 in
1280 906 1336 969 llo·

271 1027 359 1070 mana
392 1009 523 1072 Ecclesia
556 1020 750 1091 supererant,
779 1011 830 1070 ille
858 1011 1037 1092 plerumque
1071 1011 1250 1081 retinuerit,
1285 1009 1335 1071 hic

270 1124 376 1176 eontra
397 1115 535 1176 lunditus
555 1116 707 1196 expellere
729 1124 855 1175 conatus
877 1115 925 1176 sit.

197 1269 225 1328 2.
269 1267 356 1339 Quod
378 1271 537 1332 contendit
563 1288 693 1340 conant,
721 1269 832 1351 (Geaclt.
854 1270 905 1330 dea
928 1269 994 1331 etr.
1015 1267 1081 1330 ch.
1102 1269 1135 1330 ic
1155 1269 1207 1330 der
1227 1269 1332 1332 illicio·

268 1369 394 1453 Wealplc
412 1373 446 1435 K.
467 1373 488 1435 Ι.
512 1375 593 1455 340.)
614 1375 954 1454 superintendenturam
976 1373 1048 1434 aba
1070 1371 1164 1434 Lasco
1181 1392 1213 1434 se
1235 1375 1332 1437 invito

267 1477 438 1538 institutam
460 1497 542 1548 esse,
563 1479 648 1540 nullo
669 1478 779 1539 idoneo
801 1488 981 1559 argumento
1002 1478 1120 1540 nititur.

194 1633 221 1694 3.
263 1632 385 1696 Erravit
406 1653 519 1695 ccccxx
547 1635 600 1716 (ih.
623 1637 646 1696 Ι.
670 1634 767 1716 339.),
788 1635 840 1697 ubi
863 1635 1019 1697 contendit
1042 1633 1200 1715 Prophetis
1221 1635 1253 1696 in
1275 1633 1328 1696 Ec·

264 1740 354 1799 clesia
387 1737 507 1820 Peregr.
538 1737 633 1800 Lond.
664 1741 846 1819 peculiarem
882 1741 963 1801 inter
993 1739 1142 1800 Ecclesiae
1174 1739 1328 1801 ministros

263 1844 363 1905 locum
385 1843 423 1904 ab
445 1846 461 1904 a
483 1842 579 1905 Lasco
600 1863 665 1904 esse
688 1863 871 1906 concessum.

190 2000 217 2058 t.
261 1999 460 2080 Argumenta,
486 2000 610 2081 ·quibus
648 1999 806 2062 authentia
846 1999 928 2060 Conl.
961 1997 1058 2060 Lond.
1089 1999 1264 2061 delenditur
1295 2000 1327 2060 in

261 2120 407 2171 nnnxncl,
435 2102 520 2166 llerls.
541 2105 643 2182 raodp.
666 2123 701 2164 ec
723 2105 839 2165 rosdon
862 2102 909 2164 lV.
931 2105 972 2164 2³.
995 2105 1055 2165 2⁶29
1077 2122 1121 2183 sq.
1144 2103 1235 2174 lala,
1261 2122 1325 2183 par·

261 2207 316 2268 tim
337 2208 410 2269 salsa
433 2220 520 2279 sunt,
541 2211 651 2290 partim
672 2228 733 2270 non
755 2209 916 2271 sufficiunt.

187 2414 214 2473 5.
257 2411 390 2476 Historia
419 2415 627 2478 Ecclesiastica
656 2437 693 2478 eo
722 2427 841 2478 tantum
870 2417 930 2478 linc
960 2418 1131 2485 excolatur,
1159 2424 1194 2476 ut
1216 2413 1270 2476 llei
1291 2415 1324 2476 in

258 2515 390 2580 Ecclesia
424 2522 580 2582 condenda
609 2523 767 2584 consilium
797 2521 913 2591 edocti,
941 2523 997 2602 ipsi
1026 2521 1137 2582 dehinc
1165 2538 1232 2581 oum
1261 2516 1324 2580 Dec

258 2625 454 2704 acciperemus
475 2627 506 2685 in
528 2623 661 2687 Ecclesia
683 2627 890 2708 propaganda,
912 2625 1103 2707 perficienda.

186 2778 214 2837 6.
257 2775 291 2838 ln
313 2777 445 2841 Historia
468 2779 675 2841 Ecclesiastica
697 2781 865 2842 enarranda
890 2799 968 2841 nova
995 2778 1138 2860 periodus
1163 2777 1323 2861 inchoetur

257 2883 329 2944 inde
351 2904 368 2944 a
390 2883 536 2966 Gregorio
557 2884 673 2966 Magno.

186 3091 213 3149 7.
256 3088 325 3151 Vita
353 3089 468 3152 Nicolai
496 3111 590 3172 papae
618 3091 649 3152 in
679 3089 771 3152 Libro
793 3088 963 3154 Pontificali
985 3089 1137 3151 immerito
1161 3089 1320 3152 Anastasio

256 3196 372 3255 auctori
394 3195 547 3256 tribuitur.

185 3349 212 3408 8.
255 3349 431 3411 Anastasius
452 3350 553 3411 Abbas
575 3361 606 3410 et
629 3350 804 3411 Anastasius
826 3349 1009 3418 Cardinalis,
1030 3369 1085 3411 cur
1102 3369 1118 3410 a
1137 3368 1170 3411 se
1189 3349 1317 3412 invicem
1389 3337 1391 3342 ’

255 3453 502 3534 distinguantur,
517 3457 600 3515 nulla
621 3455 728 3515 idonea
750 3473 839 3515 causa
860 3454 969 3515 adduci
990 3464 1098 3534 potest.
1171 3480 1180 3497 ·

205 3603 233 3661 tl.
274 3600 397 3683 Legati,
418 3623 493 3682 quos
515 3605 553 3665 ad
576 3602 730 3664 Nicolaum
751 3604 834 3664 misit
857 3602 997 3672 Photius,
1020 3621 1081 3663 non
1103 3603 1143 3662 a⁰.
1166 3603 1240 3671 859,
1262 3601 1316 3663 sed

274 3709 315 3767 a⁰.
337 3709 392 3768 861
418 3707 541 3768 Romam
563 3718 722 3769 venerunt.

183 3863 230 3922 l0.
269 3861 357 3923 inter
378 3881 445 3932 eos,
467 3864 519 3942 qui
542 3863 620 3923 serie
642 3861 759 3923 Decret.
782 3859 946 3922 Ps-lsidor.
966 3861 1141 3940 proclamati
1159 3869 1230 3921 sunt
1248 3879 1316 3921 auc·

274 3975 369 4034 tores,
397 3985 486 4026 nemo
515 3968 616 4046 plures
645 3967 782 4028 veritatis
810 3983 953 4026 numeros
973 3966 1090 4045 explet,
1119 3983 1209 4044 quarn
1230 3963 1316 4024 Ebbo

274 4067 436 4130 Remensis.

182 4277 230 4336 ll.
271 4275 422 4337 Ecclesiae
444 4277 604 4338 invisibilis
625 4277 733 4358 dogma
755 4278 917 4339 reiiciatur.

182 4433 230 4492 la.
273 4430 419 4512 Spiritum
441 4441 539 4492 sctum
560 4451 718 4513 personam
745 4451 811 4492 csse
840 4429 992 4492 immerito
1012 4427 1104 4490 hodic
1126 4447 1142 4488 a
1164 4427 1315 4507 plerisque

273 4546 411 4616 negatur.
