3240 5100
826 263 886 324 tec
1466 323 1474 352 Ι

289 477 423 542 nostram
452 475 616 532 attestatur
643 468 868 540 tantummode
897 469 930 530 in
957 488 980 532 s.
1003 487 1113 532 coenae
1139 487 1197 530 usu
1218 467 1353 533 fidelium
1375 485 1427 532 cor

289 592 408 636 sursum
441 571 598 640 evehitur,
630 581 665 632 ut
696 571 806 650 spiritu
838 579 902 632 soto
933 575 1129 652 coiipcrantc,
1157 570 1290 630 divinam
1319 569 1427 634 induat

289 678 482 758 qualitatem,
514 695 603 756 quam
636 675 675 736 de
703 693 735 735 se
764 675 796 736 in
825 694 921 755 genus
949 686 1088 737 nostrum
1116 675 1247 734 contulit
1282 672 1426 738 Christus.

289 779 368 842 Sunt
389 782 484 861 igitur
504 788 691 842 sacramenta
714 779 745 839 in
767 797 799 840 se
822 780 903 840 omni
925 779 1079 840 salutifera
1099 780 1129 839 vi
1155 778 1317 847 destituta,
1339 777 1427 840 adeo·

289 905 348 966 que
377 887 558 946 omittantur
585 885 701 964 potius,
730 902 820 962 quam
849 883 1062 963 profanentur,
1092 882 1144 947 ubi
1171 883 1229 944 rite
1251 883 1355 962 peragi
1375 901 1427 943 ne·

289 1000 414 1070 queunt.
454 987 517 1048 lloc
538 986 669 1065 denique
692 986 814 1047 nomine
836 985 868 1049 in
890 995 1147 1049 sacramentorum
1165 985 1427 1051 administratione

289 1113 306 1154 a
329 1092 452 1154 Calvino
474 1092 567 1152 distat
588 1091 605 1148 lt
628 1087 737 1158 Lasco,
759 1089 841 1168 quod
862 1089 1053 1169 frequentem
1072 1090 1193 1150 illorum
1211 1108 1314 1157 usum,
1336 1107 1427 1168 quern

288 1197 412 1260 damnat
437 1195 504 1264 hic,
532 1193 641 1275 probat
670 1193 729 1254 ille.
751 1192 1007 1274 -Disciplinam
1029 1193 1266 1256 Ecclesiasticam
1288 1193 1428 1260 Calvinus

288 1301 320 1362 in
350 1300 505 1362 doctrinae
535 1299 662 1358 tutelam
690 1297 788 1377 primo
815 1297 882 1358 loeo
911 1297 1083 1361 institutam
1112 1315 1177 1358 csse
1200 1306 1320 1368 censet,
1341 1307 1376 1363 ut
1398 1297 1428 1362 vi

288 1404 430 1484 exigatur
458 1403 547 1474 fides,
570 1421 660 1481 quam
682 1399 834 1462 Ecclesiae
856 1401 928 1466 socii
950 1401 1072 1462 divinae
1094 1401 1251 1462 doctrinae
1274 1410 1428 1482 praestare

287 1507 416 1578 debcnt3
438 1507 549 1568 deinde
571 1525 689 1566 morum
712 1523 831 1584 quoque
853 1504 1007 1574 honestati
1029 1507 1177 1568 inservire
1200 1525 1267 1574 eant
1289 1515 1430 1585 potenter

288 1612 327 1680 ad
357 1612 504 1674 malitiam
537 1608 787 1688 confringendam
820 1608 980 1668 existimat.
1030 1607 1104 1674 Eius
1136 1609 1430 1676 administrationem

290 1713 361 1776 solis
389 1711 541 1775 Ecclesiae
569 1693 717 1772 ministris
745 1709 882 1780 mandat,
912 1709 1062 1775 Ecclesiae
1090 1713 1122 1772 in
1143 1711 1226 1774 hisce
1248 1714 1430 1779 auctoritate

289 1835 411 1900 prorsus
432 1815 496 1876 fere
519 1813 667 1894 neglecta.
700 1811 811 1872 Contra
833 1814 850 1876 a
873 1810 967 1874 lasco
989 1824 1113 1877 strenue
1132 1815 1265 1895 ipsorum
1281 1817 1431 1882 sociorum

289 1920 466 2002 disciplinae
495 1917 682 1978 exercendae
711 1916 758 1977 ius
786 1916 936 1986 vindicat,
966 1927 997 1978 et
1023 1918 1121 1981 nullas
1143 1918 1181 1978 ab
1203 1917 1355 1986 Ecclesiae
1377 1923 1432 1987 mi·

290 2023 395 2086 nistris
424 2021 522 2102 infligi
549 2038 635 2102 posse
664 2039 776 2100 poenas
806 2022 930 2090 statuit,
952 2022 1011 2080 nisi
1033 2041 1071 2082 cx
1092 2023 1186 2102 ipsius
1207 2022 1359 2084 Ecclesiae
1381 2045 1432 2088 au·

290 2126 441 2196 ctoritate.
465 2127 481 2184 d
501 2122 594 2184 Lasoo
612 2142 714 2205 porro,
737 2125 789 2204 qui
808 2143 941 2184 summec
960 2126 1113 2186 sentiendi
1131 2127 1344 2207 cogitandique
1357 2148 1432 2193 sem·

291 2249 346 2312 pcr
362 2229 498 2290 libertati
517 2228 732 2308 patrocinatur,
751 2228 789 2290 ad
807 2227 977 2290 doctrinam
996 2248 1144 2310 nusquam
1159 2231 1223 2291 sere
1236 2250 1302 2296 earn
1314 2233 1433 2302 retulit,

292 2332 344 2394 sed
367 2331 551 2412 rigidissimo
573 2331 639 2392 eius
660 2349 717 2390 usu
743 2330 888 2410 pietatem
907 2330 995 2392 unice
1015 2349 1049 2390 ac
1068 2350 1171 2397 reram
1188 2334 1335 2400 iustitiam
1352 2337 1435 2403 inter

293 2434 445 2508 Ecclesiae
467 2435 563 2496 socios
585 2434 666 2494 tucri
688 2433 772 2513 eupit
794 2443 885 2512 etque
907 2451 1082 2514 propagere.

511 2640 532 2723 ᾗ
554 2643 581 2702 l.
624 2640 667 2701 Be
688 2638 839 2704 Ecclesiae
860 2640 946 2702 sociis
967 2647 1051 2722 atque
1072 2643 1217 2722 regimine.

338 2849 361 2912 E
381 2848 497 2910 Calvini
517 2848 669 2910 sententia
688 2847 820 2910 Ecclesia
839 2849 918 2909 scola
937 2850 1056 2930 proprie
1068 2848 1208 2912 habenda
1220 2860 1281 2922 cst,
1296 2853 1328 2912 iu
1340 2853 1436 2933 dupli·

297 2973 361 3024 cem
385 2953 528 3016 distincta
551 2953 702 3021 ordinem,
733 2971 861 3032 quorum
883 2933 972 3017 docet
994 2955 1086 3023 alter,
1108 2955 1186 3014 alter
1207 2974 1280 3016 vero
1302 2956 1436 3020 docetur.

299 3056 395 3128 Ordo,
424 3057 476 3136 qui
505 3055 635 3119 docendi
663 3073 790 3116 munere
818 3054 973 3134 fungitur,
1002 3053 1166 3134 (pastorum
1188 3055 1238 3137 sc.)
1266 3057 1356 3137 longe
1378 3060 1438 3138 pri-

297 3161 423 3222 mariam
442 3161 474 3220 in
492 3157 625 3220 Ecclesia
644 3158 747 3218 sedem
766 3167 866 3228 tonet,
885 3169 916 3218 ct
935 3157 971 3218 ab
984 3159 1049 3238 ipso
1061 3158 1122 3219 Deo
1134 3160 1293 3220 institutus
1303 3161 1438 3228 medium

300 3267 394 3336 veluti
423 3264 522 3324 locum
551 3261 647 3323 Deum
677 3262 758 3322 inter
788 3272 912 3340 occupat
940 3273 1031 3340 atque
1054 3262 1172 3332 fideles,
1194 3264 1247 3343 qui
1268 3265 1353 3326 nullo
1374 3266 1438 3334 fere

299 3387 427 3432 numero
449 3377 501 3427 aut
522 3367 588 3426 loco
610 3367 641 3425 in
674 3365 790 3426 Caluini
811 3364 943 3428 Ecclesia
965 3365 1126 3433 habentur.
1169 3366 1203 3428 ln
1225 3365 1311 3428 Lasci
1333 3381 1439 3435 contra

299 3471 447 3542 Ecclesia,
468 3489 544 3552 quac
563 3488 653 3530 verae
675 3469 828 3532 societatis
849 3470 982 3530 indolem
1005 3471 1115 3540 refert,
1137 3470 1288 3535 Ecclesiae
1310 3474 1383 3534 socii
1402 3475 1441 3540 ed

302 3594 397 3636 unum
419 3574 533 3655 pariter
555 3591 658 3634 omncs
681 3573 745 3634 sinc
769 3574 831 3634 ullo
854 3575 977 3638 omnino
998 3575 1172 3638 discrimine
1191 3577 1298 3644 eodem
1316 3596 1440 3657 prorsus

303 3681 368 3739 loco
401 3697 434 3738 ac
467 3696 553 3758 pares
583 3677 664 3738 intcr
693 3695 726 3748 se
755 3679 969 3748 aestimantur,
998 3698 1096 3758 neque
1126 3680 1221 3760 igitur
1248 3681 1299 3752 iis,
1330 3681 1441 3761 quihus

302 3782 451 3857 Ecclesiae
480 3781 683 3844 ministerium
711 3781 888 3844 mandatum
914 3793 973 3852 est,
1002 3782 1055 3842 sed
1074 3783 1130 3863 ipsi
1154 3784 1301 3846 Ecclesiae
1323 3787 1442 3866 corpori

304 3887 436 3970 ipsisque
466 3887 531 3947 cius
560 3885 648 3945 sociis
671 3885 831 3964 primarius
852 3886 884 3946 in
907 3887 1054 3946 Ecclesiae
1078 3888 1250 3966 organismo
1272 3889 1443 3969 assignatur

303 3991 395 4051 loeus
417 4023 457 4032 -
479 3986 832 4063 Hisceconsentancum
861 4006 950 4056 nemo
979 3997 1026 4050 est
1054 3989 1086 4048 in
1115 3987 1200 4055 Lasci
1228 3992 1358 4056 Ecclesia
1381 4004 1443 4062 tam

303 4093 415 4160 tenuis,
437 4101 497 4150 tem
515 4089 637 4150 humilis
656 4099 778 4168 temque
797 4089 885 4150 nihili
904 4091 967 4150 ferc
987 4091 1018 4150 in
1031 4092 1160 4153 Ecclesia
1171 4093 1351 4164 homuncio,
1369 4097 1443 4176 quin

305 4214 360 4276 pro
389 4194 539 4262 tenuitate
566 4212 618 4254 sua
641 4196 802 4272 codpera're
825 4193 934 4256 debeat
956 4195 993 4256 ad
1016 4213 1206 4258 communem
1228 4199 1377 4260 Ecclesiae
1399 4219 1444 4263 sa·

303 4301 398 4360 lutem
428 4297 681 4378 promovendam,
710 4308 741 4357 ct
770 4298 941 4358 istiusmodi
964 4308 1082 4360 tantum
1104 4320 1231 4362 munera
1254 4303 1291 4364 ab
1313 4305 1444 4365 Eeclc'sia

304 4402 450 4464 ministris
472 4402 534 4462 suis
556 4401 753 4481 peculiaritur
773 4403 1017 4472 committantur,
1044 4424 1121 4484 quae
1143 4425 1159 4465 a
1178 4407 1305 4487 singulis
1323 4409 1444 4488 quibus·
1500 4407 1503 4416 ’

305 4509 374 4569 dem
402 4505 526 4576 melius,
555 4524 644 4586 quarn
674 4505 711 4566 ab
738 4507 877 4568 omnibus
899 4507 989 4568 simul
1011 4521 1205 4590 peragantur.
1248 4511 1283 4586 le
1303 4531 1340 4586 en
1361 4532 1445 4594 prae·
