3240 5100
746 306 806 367 187

209 505 327 577 delere,
347 494 491 591 quicquid
509 509 541 573 in
559 509 690 574 Ecclesia
706 506 940 574 Romanensium
958 516 1065 572 eontra
1081 503 1345 585 manifestamque

209 609 323 680 diserta
351 613 423 674 novi
451 613 582 678 foederis
603 614 776 676 testimonia
798 612 1016 677 introduxisset
1037 609 1179 680 Satanas,
1200 611 1286 670 etin
1307 610 1345 675 iis

209 715 349 778 omnibus
377 717 568 778 consentiant
598 719 797 788 unanimiter,
825 717 864 780 de
894 717 1004 796 quibus
1033 725 1137 796 aperte
1158 715 1271 776 veteris
1292 715 1344 779 Eo·

208 818 317 881 clesiae
345 837 410 880 mos
436 831 467 882 ct
493 822 680 885 consuetudo
705 824 736 887 in
759 820 830 883 novi
851 821 984 882 foederis
1004 819 1090 885 libris
1111 819 1199 880 nohis
1220 827 1344 899 prostat

209 919 284 994 Quia
301 931 401 985 tamon
414 923 534 988 nonnisi
547 923 681 990 nubilam
694 924 907 1004 turbidamque
919 922 1171 987 huiosEcclesiae
1182 921 1345 1002 imaginem

208 1025 336 1088 historia
350 1027 437 1088 nobis
447 1028 636 1110 suppeditat,
653 1029 739 1090 cuius
753 1028 864 1090 ductus
880 1047 913 1089 ac
931 1028 1113 1091 lineamenta
1130 1028 1180 1089 vix
1196 1045 1230 1088 ac
1242 1045 1281 1088 ne
1294 1035 1344 1089 vix

209 1129 331 1212 quidem
343 1129 515 1192 discernere
527 1149 636 1209 queas,
655 1149 732 1210 quae
751 1141 852 1192 tamen
870 1131 901 1192 in
918 1148 970 1193 sua
983 1127 1114 1190 Ecclesia
1126 1137 1264 1190 accurate
1275 1147 1344 1190 exa·
1401 1145 1404 1151 ·

208 1252 276 1296 rare
292 1243 323 1294 et
335 1233 464 1298 delinire
479 1234 631 1294 dehebant
642 1233 881 1304 Reformatores,
899 1235 989 1314 louge
1007 1233 1157 1295 diversam
1168 1251 1239 1296 mox
1249 1232 1344 1298 Calvi·

183 1337 266 1404 'nus
287 1347 318 1400 et
340 1339 356 1398 h
378 1335 472 1400 hasco
494 1338 622 1418 ingressi
645 1347 716 1400 sunt
737 1339 832 1406 viam,
861 1337 913 1398 ubi
942 1347 1023 1398 certa
1052 1335 1211 1417 Euangelii
1232 1337 1344 1398 amussi

208 1441 363 1504 destitutis
375 1443 496 1526 proprio
507 1451 605 1504 marte
618 1443 649 1508 in
658 1439 789 1503 Ecclesia
802 1429 1015 1502 constituenda
1026 1439 1282 1520 progrediendum
1294 1440 1344 1504 dc·

208 1544 280 1616 hinc
301 1545 338 1606 iis
357 1555 431 1608 crat.
464 1545 585 1612 Etenim
607 1545 702 1606 sensit
723 1543 868 1614 lahasec,
891 1563 967 1623 quac
989 1545 1020 1604 in
1043 1543 1211 1624 Euangelio
1233 1544 1345 1624 absque

209 1659 291 1713 certa
313 1648 492 1714 definitione
514 1651 725 1730 praetermissa
747 1659 851 1718 erant,
873 1649 994 1711 nonnisi
1011 1667 1050 1710 ex
1071 1649 1165 1728 ipsius
1186 1647 1345 1726 Euangelii

209 1752 364 1837 principiis
395 1754 562 1836 supplenda
595 1771 672 1820 esse.
705 1771 804 1832 neque
833 1752 955 1812 aliunde
984 1753 1015 1812 in
1044 1751 1156 1814 Christi
1184 1749 1346 1816 Ecclesiam

211 1855 369 1919 transferri
390 1875 493 1940 posse,
522 1876 615 1939 quae,
643 1877 660 1918 a
689 1855 800 1918 Christi
823 1856 931 1936 spiritu
953 1855 1150 1924 alienissime,
1178 1855 1272 1934 ipsius
1292 1852 1346 1916 Ee·

211 1960 319 2022 clesiae
348 1959 443 2022 indoli
471 1979 663 2040 summopere
692 1959 856 2020 officerent.
899 1957 1040 2023 Calvinus
1068 1959 1260 2018 econtrario
1288 1956 1348 2018 fixa

210 2073 336 2144 rataque
367 2063 458 2124 etiam
488 2065 519 2127 iu
541 2062 693 2126 Ecclesiae
716 2063 884 2126 Christiana
914 2063 1068 2142 opinatus,
1097 2079 1295 2142 quaecunque
1316 2063 1348 2125 in

212 2167 308 2228 veteri
330 2165 534 2229 israelitarum
555 2169 729 2230 oeconomia
751 2168 854 2232 divino
876 2168 960 2228 iussu
986 2167 1126 2232 instituta
1148 2176 1235 2231 erant
1257 2175 1348 2245 atquc

212 2270 368 2339 ordinata,
396 2271 530 2332 infausto
560 2273 660 2332 omine
689 2291 742 2332 sua
770 2272 881 2334 iterum
903 2271 1030 2332 sancivit
1051 2271 1232 2330 auctoritate
1253 2269 1349 2349 plera·

212 2392 287 2454 que,
316 2393 393 2456 quae
422 2374 454 2433 iu
482 2371 716 2436 Romancusium
746 2371 879 2433 Ecclesia
908 2371 1050 2434 Iudaismi
1074 2373 1199 2452 vestigia
1228 2391 1349 2452 supere·

212 2487 289 2542 runt.
332 2475 386 2538 Dei
415 2477 607 2539 sanctitatem
632 2477 734 2558 potius
763 2495 853 2556 quam
882 2476 1018 2540 divinum
1044 2477 1109 2538 eius
1130 2494 1261 2538 amorem
1283 2493 1349 2556 pre·

211 2600 296 2644 mere
325 2581 425 2652 solct;·
446 2581 610 2662 legalitatis
638 2581 819 2661 principium
842 2589 872 2640 et
895 2582 1023 2662 scriptae
1045 2580 1166 2640 litterae
1189 2579 1349 2640 auctorita·

214 2695 275 2750 tem
305 2705 377 2766 prae
406 2685 501 2746 libera
531 2686 656 2768 spiritus
685 2685 886 2765 explicatione
908 2685 1033 2754 extulit;
1062 2684 1262 2752 indivulsum,
1290 2702 1351 2763 quo

213 2809 280 2852 cum
311 2787 431 2852 Christo
461 2787 593 2852 Ecclesia
622 2789 783 2850 coniuncta
805 2797 868 2856 est,
896 2807 1008 2850 nexum
1030 2807 1136 2869 parum
1157 2787 1280 2848 omnino
1300 2806 1350 2850 cu·

128 2955 131 2962 ,
214 2905 277 2964 rat;
306 2894 395 2956 unice
424 2893 488 2954 fere
518 2912 534 2954 a
563 2902 649 2974 parte
676 2891 730 2952 llei
752 2890 916 2952 Ecclesiam
938 2902 1068 2972 spectat,
1099 2903 1242 2971 tanquam
1267 2893 1351 2958 insti·

215 3008 316 3059 tutum
345 3017 361 3059 a
390 2995 454 3056 Deo
482 2995 570 3056 nohis
598 2997 792 3076 impositum,
821 2997 957 3058 externis
985 2997 1173 3076 potissimum
1205 2996 1286 3060 notis
1315 2995 1352 3062 ab

216 3102 283 3166 aliis
304 3101 556 3182 dignoscendum
579 3102 671 3164 sacris
694 3101 863 3164 actionibus
884 3101 1043 3181 mysticam
1072 3101 1222 3180 quandam
1244 3099 1353 3166 tribuit

216 3208 376 3276 virtutcm3
400 3227 416 3266 a
438 3207 521 3266 laicis
543 3206 636 3286 probe
665 3207 843 3272 distinctum
863 3206 1072 3270 ministrorum
1101 3205 1239 3266 ordinem
1267 3205 1353 3268 insti·

114 3350 117 3356 -
217 3311 294 3381 tuit,
323 3310 390 3389 qui,
419 3307 473 3369 Dei
503 3309 669 3370 voluntatis
690 3310 722 3369 in
746 3309 861 3368 mundo
890 3327 1018 3388 organa,
1047 3309 1149 3370 diviua
1171 3309 1284 3370 virtute
1307 3327 1352 3368 or·

216 3415 297 3483 nati,
326 3414 503 3494 ingentique
532 3415 564 3474 in
586 3413 697 3474 divinis
719 3422 868 3491 potestate
892 3413 1035 3492 praediti,
1058 3411 1222 3473 Ecclesiam
1244 3412 1353 3493 guber·

217 3526 342 3587 nerent,
370 3518 504 3597 ipsorum
533 3515 668 3577 fidelium
690 3517 773 3575 nulla
796 3516 859 3576 lere
882 3517 1005 3577 omnino
1027 3517 1145 3576 ratione
1167 3517 1200 3576 iu
1221 3515 1353 3578 Ecclesia

218 3621 337 3690 hahita;
359 3621 493 3682 divinam
515 3639 606 3700 porro
628 3619 684 3680 suh
706 3629 836 3699 utroque
858 3620 980 3681 loedere
999 3621 1163 3681 revelatam
1181 3619 1268 3680 nohis
1286 3620 1353 3681 doc·

219 3726 330 3786 trinam
359 3743 463 3784 omnes
491 3724 597 3802 utique
626 3721 777 3783 Ecclesiae
807 3724 903 3784 socios
932 3723 992 3784 fide
1015 3723 1155 3804 amplecti
1176 3723 1278 3792 iussit,
1307 3734 1354 3793 et,

220 3849 258 3890 ne
290 3828 462 3910 ignorantia
495 3827 730 3895 obtenderetur,
762 3827 818 3906 ipsi
848 3828 1013 3908 scripturae
1042 3828 1257 3888 catechismum
1284 3847 1355 3890 mox

221 3932 394 4002 substituit,
423 3932 474 4011 qui
504 3931 644 3992 omatibus
672 3931 814 4010 parabilis
836 3933 950 3992 nullius
976 3944 1095 4013 captum
1123 3942 1294 4012 superarem
1323 3934 1355 3993 in

221 4035 353 4096 Ecclesia
382 4035 576 4114 peculiariter
605 4035 756 4096 ordinavit
785 4035 940 4106 doctores,
969 4037 1020 4115 qui
1049 4037 1217 4096 doctrinam
1240 4036 1355 4096 excole·

221 4149 303 4209 rent;
325 4139 417 4199 huius
438 4138 594 4198 doetrinae
617 4140 839 4220 praedicatores
860 4159 931 4220 prae
954 4141 1079 4220 reliquis
1100 4139 1248 4202 Ecclesiae
1270 4141 1357 4201 mini·

222 4244 293 4304 stris
313 4244 403 4322 longe
426 4243 501 4302 solet
530 4243 654 4314 efferam
683 4245 749 4304 eius
777 4245 942 4324 puritatem
971 4244 1154 4324 rigidissimo
1182 4245 1357 4326 discipliuae

223 4367 278 4408 usu
297 4348 409 4408 salvam
427 4355 545 4416 tuetur,
564 4357 595 4408 et
614 4348 715 4427 gladio
734 4359 829 4409 armat
847 4350 1075 4430 magistratum,
1096 4359 1131 4410 ut
1145 4351 1222 4430 legis
1237 4350 1358 4412 divinae

224 4459 463 4530 contemptorem
488 4452 585 4530 capite
614 4453 741 4531 plectat;
771 4462 886 4514 tantam
915 4454 946 4514 in
969 4455 1111 4514 universo
1133 4454 1214 4515 civili
1236 4455 1358 4535 politiae

223 4555 255 4614 in
277 4553 439 4614 Ecclesiam
461 4553 569 4616 tribuit
591 4554 800 4628 efficientiam,
826 4566 876 4629 ut,
902 4557 976 4638 quid
999 4577 1016 4619 a
1038 4556 1216 4620 Theocratia
1237 4560 1359 4640 proprio
