3240 5100
742 304 798 366 tlt

206 503 362 583 saiutifera
382 503 448 564 ais?
490 503 590 565 »llum
612 523 706 564 coena
728 504 859 574 utimur,
882 504 1096 565 confirmamur
1117 507 1221 584 procul
1244 505 1337 568 dubie

206 608 258 668 rin
287 620 369 669 certa
395 628 428 670 ac
454 609 625 670 indubitata
651 609 711 670 fide
734 619 854 669 nostrae
877 628 944 669 cum
967 608 1087 669 Christo
1109 607 1235 670 Domino
1257 630 1336 671 com·

205 713 379 773 »munionis
389 714 458 792 77).”
501 711 649 773 »Nostrae
675 731 765 793 porro
783 713 989 774 renovationis
1010 732 1032 773 s.
1055 731 1165 774 coenae
1188 733 1260 773 usus
1281 733 1337 774 nos

204 817 448 892 »admovet⁷³)'',
464 828 495 879 et
516 836 611 878 novos
632 817 663 877 in
685 817 774 877 nobis
794 818 907 877 excitat
929 818 966 878 ad
984 816 1253 878 sanctificationem
1274 819 1335 878 ani-

202 921 244 981 mi
265 921 424 1002 matustt).
464 921 629 982 Primarins
650 931 752 980 autem
775 921 840 981 eius
861 920 978 980 fructus
1001 931 1062 990 est,
1096 920 1169 980 »dat
1191 920 1245 981 het
1267 939 1334 991 ons,

203 1023 274 1085 »die
299 1025 373 1085 daer
395 1025 583 1106 gheloouen,
612 1024 664 1085 dat
686 1027 736 1102 wij
760 1025 818 1085 alle
840 1035 871 1085 te
893 1044 998 1084 zamen
1021 1026 1078 1085 de'n
1100 1024 1228 1084 lichaeur
1250 1009 1334 1085 cliri-

203 1130 262 1189 »sti
284 1132 359 1206 aijn,
388 1148 530 1190 vermane
553 1129 631 1190 ende
653 1129 829 1196 verweckc,
858 1128 911 1188 dat
931 1147 983 1208 wy
1004 1129 1056 1189 dat
1078 1129 1162 1189 selue
1185 1127 1261 1188 ooek
1283 1147 1334 1188 on·

203 1233 279 1294 »der
301 1253 358 1294 een
380 1234 475 1294 ander
496 1233 723 1312 bewijsen²⁵).’'
767 1232 855 1302 Quod
873 1233 1004 1312 danique
1029 1233 1097 1293 »sui
1114 1251 1234 1313 quoqne
1256 1251 1333 1293 mor·

202 1337 323 1416 »tisque
352 1357 423 1398 suae
453 1336 720 1398 recordationem’'
746 1337 833 1396 nobis
862 1337 985 1396 mandat
1006 1335 1156 1413 lesus⁷⁸),
1199 1338 1333 1416 »perspi-

201 1459 312 1500 aeunm
341 1451 387 1501 est
413 1439 490 1501 Eum
516 1441 664 1501 eiusmodi
693 1450 775 1500 certe
805 1440 850 1499 sui
879 1440 1121 1500 recordationem
1150 1441 1333 1509 instituisse,

201 1563 300 1623 aquae
328 1544 416 1606 nobis
445 1563 506 1604 non
535 1543 710 1604 historicam
740 1554 859 1604 tantum
889 1545 934 1603 rei
964 1553 1067 1623 gestae
1096 1545 1272 1603 memoriam
1301 1544 1333 1603 in

200 1649 347 1709 »otiosam
370 1649 519 1728 quandam
541 1649 756 1728 cogitationem
778 1658 949 1716 revocaret,
972 1647 1026 1708 red
1049 1666 1126 1726 quae
1145 1647 1223 1727 ipsas
1241 1645 1333 1707 etiam

199 1752 320 1811 »cordis
341 1753 437 1812 nostri
458 1752 606 1812 medullas
624 1771 666 1831 sp.
685 1761 748 1811 seto
767 1761 890 1811 auctore
909 1751 1030 1831 penitus
1048 1761 1251 1810 commoveret
1262 1749 1332 1830 77).”

199 1853 298 1924 Quum
324 1855 418 1935 igitur
448 1865 507 1914 tam
536 1853 718 1913 multifarius
748 1863 870 1931 tamque
897 1853 1008 1932 dignus
1036 1871 1052 1911 a
1082 1849 1111 1910 S.
1137 1869 1249 1911 coenae
1275 1870 1332 1911 usu

197 1958 229 2017 in
258 1976 312 2017 nos
337 1958 454 2018 fractus
476 1957 643 2027 redundat,
672 1957 709 2026 ii,
739 1958 789 2036 qui
819 1967 1042 2016 sacrosanctum
1068 1955 1143 2016 illud
1166 1973 1332 2016 sacramen·

197 2072 261 2121 tum
283 2061 455 2140 despiciunt
477 2072 568 2140 atquc
590 2071 805 2129 contemnunt,
845 2061 916 2120 »die
936 2059 1090 2119 beltooren
1108 2061 1167 2119 den
1186 2059 1332 2118 lichaeme

111 2157 114 2163 ’
197 2183 277 2226 »van
317 2163 428 2225 Christi
468 2165 532 2225 niet
564 2174 613 2224 toe
626 2163 695 2243 1⁸).'’
756 2162 868 2223 Contra
921 2173 1028 2222 »extra
1062 2181 1181 2222 omnem
1215 2163 1332 2242 culpam

197 2279 306 2336 nsunt,
327 2269 379 2348 qui
401 2279 525 2348 propter
547 2266 673 2328 Romani
695 2265 792 2346 Papae
814 2265 1008 2346 tyrannidem
1031 2263 1068 2326 ab
1091 2285 1147 2326 usn
1165 2283 1332 2326 sacramen·

198 2382 320 2433 »torum
342 2372 488 2432 abstineri
508 2369 703 2450 maluntwt’

296 2474 327 2535 B.
350 2473 610 2535 Saenlnnnronnn
632 2491 868 2534 anmmsrnarro.

236 2600 261 2640 a.
293 2579 343 2639 Dc
366 2578 629 2639 Sacramenta's
657 2579 695 2638 in
718 2596 861 2656 penore.
905 2576 1067 2657 »Aequum
1089 2587 1151 2646 est,
1173 2587 1207 2637 ut
1229 2575 1331 2639 Sacra·

194 2694 317 2744 »menta
346 2685 377 2744 in
401 2684 495 2744 totius
522 2682 673 2743 Ecclesiae
695 2693 785 2741 coctu
807 2679 1066 2761 peragantnr⁸⁰).”
1109 2680 1147 2742 Ut
1168 2699 1258 2760 porro
1280 2682 1332 2742 de·

193 2799 298 2848 center
326 2806 432 2848 eorum
454 2785 678 2847 administratio
700 2785 770 2850 fiat,
791 2785 861 2844 solis
885 2783 1034 2844 Ecclesiae
1056 2785 1203 2845 ministris
1224 2801 1330 2846 eorum

192 2891 376 2970 dispensatio
398 2891 541 2970 permissa
563 2888 672 2970 est⁸¹),
694 2889 745 2967 qui
768 2888 943 2967 disciplinae
966 2885 1192 2948 Ecclesiasticae
1213 2906 1270 2948 usu
1291 2888 1330 2948 ad

195 3083 284 3132 Christi
303 3083 407 3147 corporis
427 3085 466 3132 sni
485 3085 539 3133 erla.
564 3101 587 3148 p.
606 3084 633 3142 1,
654 3083 676 3133 3.
704 3085 772 3150 Conf.
793 3085 823 3133 da
842 3087 925 3134 nostra
944 3099 996 3132 cam
1018 3077 1106 3129 aaran
1124 3076 1283 3126 communione
1302 3092 1332 3142 p.

194 3166 221 3222 1,
240 3166 263 3215 2.
282 3165 367 3214 Forma
386 3182 423 3215 ac.
442 3169 490 3216 rat.
509 3166 564 3216 min.
584 3165 659 3214 lond.
677 3181 701 3230 p.
722 3166 783 3225 150,
802 3165 863 3222 181,
881 3162 1025 3220 tao-200,
1044 3159 1103 3216 210,
1122 3157 1183 3216 213,
1197 3156 1257 3215 222,
1269 3157 1327 3206 250.

194 3248 246 3298 eat.
270 3247 346 3298 tona.
368 3250 423 3299 mai.
445 3265 470 3313 p.
492 3249 549 3299 102.
579 3249 631 3298 Oai.
657 3249 726 3298 Emd.
751 3249 807 3297 mai.
829 3264 868 3311 qa.
891 3245 996 3296 63-69.
1024 3244 1068 3306 Ep.
1089 3241 1124 3290 ad
1145 3238 1328 3302 aravatio

195 3330 273 3383 Praei.
294 3331 323 3380 dc
344 3332 461 3393 Sacram.)
479 3346 503 3396 p.
522 3333 550 3391 5,
569 3331 597 3388 6,
615 3332 638 3380 8.
657 3331 701 3395 Ep.
721 3330 755 3380 ad
773 3331 865 3394 Sipism.
887 3329 921 3390 (in
942 3328 1027 3377 Forma
1047 3341 1077 3374 aa
1094 3327 1142 3374 rat.
1162 3323 1218 3372 min.
1237 3321 1322 3386 Lond.)

191 3429 215 3478 p.
236 3416 282 3475 41,
299 3415 346 3475 42,
365 3413 404 3468 77.
422 3416 465 3479 Ep.
483 3414 518 3464 ad
533 3415 600 3464 Ball.
618 3418 643 3463 ct
662 3414 745 3464 Pallia.
768 3413 826 3474 (Sar.
844 3417 894 3462 ant.
914 3411 957 3462 IV.
979 3411 1014 3459 1².
1035 3409 1099 3465 468,
1115 3405 1191 3466 483).
1208 3406 1244 3454 ad
1261 3405 1326 3456 Har·

190 3498 259 3548 deni.
283 3496 317 3560 (ib
340 3497 374 3546 11.
395 3498 430 3548 22
450 3497 516 3559 620.)
543 3497 578 3546 ad
601 3498 654 3546 Sca.
681 3495 793 3560 Francos.
821 3493 862 3556 (ib.
881 3493 916 3544 11.
935 3493 975 3552 2²,
993 3491 1054 3548 726,
1072 3488 1134 3548 727,
1152 3488 1228 3549 730).
1246 3489 1325 3538 Series

190 3581 242 3630 call.
259 3597 279 3631 c.
297 3579 405 3630 Brcnlia.
424 3579 551 3638 (almanus.
570 3576 591 3627 Ι.
609 3577 683 3638 tat).
707 3577 744 3625 De
764 3577 837 3626 micea
848 3576 935 3641 papali
951 3590 974 3638 p.
988 3573 1031 3632 26,
1050 3571 1090 3625 27·
1108 3572 1145 3620 De
1160 3570 1325 3620 incarnatione

191 3664 281 3714 Christi
300 3663 327 3712 0.
347 3675 375 3712 11.
395 3680 419 3712 a.
432 3675 482 3726 sqq.
507 3661 566 3710 Call.
583 3675 603 3709 c.
621 3659 759 3724 Noviomap.
779 3659 864 3722 (simpl.
882 3674 911 3706 aa
915 3657 962 3722 fid.
974 3670 1040 3706 narr.
1052 3670 1075 3719 p.
1088 3653 1128 3706 ta.
1140 3654 1185 3717 sq.)
1201 3651 1270 3716 cons.
1274 3651 1323 3717 fid.

189 3763 212 3812 p.
231 3748 282 3797 20³.
301 3747 435 3807 (anemos.
454 3743 529 3806 267).

217 3829 248 3891 77)
267 3829 353 3879 Forma
370 3845 399 3878 ac
415 3827 479 3877 ratio
496 3827 551 3894 min.
568 3823 644 3874 Lend.
662 3840 686 3888 p.
705 3823 761 3872 224.
779 3822 816 3872 Oi.
835 3823 888 3872 Cat.
905 3821 982 3872 Lana.
999 3821 1054 3871 mai.
1073 3819 1134 3878 103,
1152 3819 1209 3868 104.

216 3911 247 3975 77)
269 3911 347 3962 Tract.
365 3911 395 3960 da
412 3911 516 3959 Sacram.
534 3924 558 3973 p.
576 3907 644 3956 114³.
745 3903 776 3968 ⁷⁴)
794 3904 871 3955 Form.
889 3920 919 3954 ac
934 3908 981 3953 rat.
998 3905 1053 3953 min.
1071 3902 1147 3954 Lond.
1164 3919 1188 3966 p.
1206 3900 1262 3950 238.

216 3994 247 4057 77)
268 3996 319 4044 Cat.
337 3992 412 4043 Zoad.
430 3992 485 4041 mai.
503 4007 526 4055 p.
545 3989 601 4037 104.
620 3987 706 4038 Forma
723 4003 752 4036 ac
768 3991 815 4037 rat.
833 3987 889 4035 min.
906 3985 983 4036 Land.
1000 4002 1024 4050 p.
1042 3985 1099 4034 181.

216 4075 247 4138 77)
266 4075 352 4124 Forma
369 4091 398 4124 aa
414 4078 461 4124 rat.
478 4073 533 4123 mia.
552 4070 628 4122 Land.
646 4087 669 4134 p.
688 4070 745 4120 204.
763 4068 799 4120 Os.
816 4068 849 4118 ib.
868 4068 1008 4118 nal-244.

216 4155 247 4219 77)
265 4155 301 4205 11).
318 4172 342 4220 p.
360 4155 417 4204 233.
435 4153 471 4204 Oi.
493 4153 572 4202 Tract.
589 4153 619 4202 de
637 4154 745 4201 Sacram.
762 4168 786 4218 p.
805 4149 875 4202 1131.

215 4237 246 4301 ⁷⁸)
266 4242 326 4287 Cat..
337 4237 412 4288 Lond.
430 4239 485 4287 mai.
503 4254 526 4302 p.
544 4238 601 4288 105.
619 4236 656 4286 (Ji.
673 4235 706 4287 ib.
725 4237 781 4287 106.

215 4320 246 4381 77)
269 4319 346 4372 Tract.
364 4319 394 4369 dc
411 4321 516 4369 Sacram.
533 4335 557 4382 p.
576 4317 629 4370 aab.
872 4339 874 4345 ·

214 4400 246 4464 8⁰)
264 4403 350 4452 Forma
367 4419 397 4452 ac
412 4406 459 4451 rat.
478 4403 533 4452 min.
551 4401 626 4451 Land.
644 4418 667 4467 p.
686 4401 743 4455 117.
763 4399 830 4466 Confi
840 4399 904 4466 fidei
921 4415 943 4464 p.
962 4399 993 4448 20
1012 4399 1146 4460 (enarrer.
1165 4396 1240 4460 267).

213 4485 246 4549 ⁸¹)
268 4485 346 4536 Tract.
368 4485 397 4535 da
415 4487 520 4535 Sacram.
537 4501 561 4550 p.
579 4483 636 4544 217,
655 4485 705 4534 84³.
723 4485 768 4548 Ep.
785 4483 820 4533 ad
838 4483 902 4534 aaa.
919 4481 963 4532 Vl.
980 4479 1014 4530 ib.
1031 4497 1055 4546 p.
1073 4481 1113 4529 14.
1126 4479 1170 4544 Ep.
1181 4479 1217 4530 ad
1228 4479 1320 4530 Orcum.

187 4569 246 4631 (Ser.
264 4571 314 4620 ani.
332 4568 367 4621 II.
385 4567 421 4621 2³.
439 4567 514 4630 650).
1182 4589 1185 4594 -
1313 4591 1314 4594 =
