3240 5100
743 297 782 358 tt

198 495 263 558 »Le
285 505 433 580 troupeau
455 499 652 560 n'intervient
674 517 804 578 presque
825 519 901 579 pour
921 501 996 562 rien.
1029 500 1194 564 L’dlcment
1216 504 1333 583 laique,

198 603 272 680 »qui
301 614 387 664 entre
417 604 492 663 dans
520 603 548 664 le
579 601 672 663 Sdnat
700 603 905 683 disciplinaire
934 606 1013 666 n'cst
1041 623 1094 685 pus
1121 607 1183 686 pris
1213 607 1332 669 deson

198 706 286 768 »sein
315 717 347 768 et
374 707 494 768 nomme
519 726 574 787 par
594 707 646 768 lui.
689 705 855 768 L’c'lection
875 709 918 770 du
939 719 1061 789 pasteur
1081 707 1214 790 dchappe
1234 712 1332 774 meme

198 812 453 892 »compldtemcnt
474 813 491 872 a
513 810 667 872 l'dlcment
687 811 796 892 laique.
838 811 882 872 Dc
904 821 973 873 tout
991 813 1059 874 cdte'
1078 831 1117 873 on
1135 814 1200 875 voit
1220 833 1252 875 se
1273 816 1332 876 lor·

198 933 286 976 »nter
313 934 373 977 unc
401 916 551 976 tendance
580 916 826 996 tres-pronuncia
848 935 917 978 vers
945 918 974 978 lc
997 917 1209 987 cle'ricalisme,
1237 920 1333 980 nulle-

197 1031 304 1080 ament
326 1021 493 1081 sacerdotal
514 1039 592 1081 nous
613 1039 652 1080 cn
673 1038 860 1091 conveneris,
881 1019 995 1082 maisit
1017 1040 1093 1102 coup
1115 1023 1168 1081 scir
1190 1023 1252 1082 tres
1273 1041 1332 1102 peu

199 1125 401 1204 »compatible
420 1143 492 1188 avec
510 1125 539 1185 la
556 1124 681 1195 liberte,
703 1144 762 1205 quc
779 1126 910 1186 rc'clamc
928 1127 957 1186 la
976 1126 1151 1186 conscience
1163 1125 1212 1206 ⁸).'’
1244 1123 1332 1186 Haud

198 1247 266 1288 raro
288 1227 396 1288 codcrn
416 1229 505 1309 plane
527 1247 595 1288 curn
618 1227 769 1308 Apostolis
790 1241 822 1290 ct
843 1227 1045 1310 Euangelistis
1063 1230 1128 1290 loco
1146 1227 1332 1290 Reformato-

197 1350 247 1392 res
276 1333 430 1402 aestimat,
458 1333 540 1393 inter
556 1325 642 1412 ¹quos
670 1333 792 1394 sibimet
820 1334 883 1414 ipse
912 1353 974 1394 non
998 1343 1167 1394 extremum
1196 1332 1332 1412 proiecto

197 1436 297 1496 locum
325 1437 505 1516 designavit.
547 1436 654 1516 Pighio
683 1437 844 1498 obiiciebat
866 1455 927 1498 non
949 1457 980 1498 se
1002 1438 1123 1517 proprie
1151 1437 1250 1516 loqui,
1278 1436 1332 1498 scd
1353 1505 1384 1517 ,

197 1538 293 1600 Deum
314 1541 414 1620 potius
435 1560 490 1620 per
511 1559 544 1600 os
566 1559 656 1602 suum
677 1543 798 1602 oracula
819 1541 962 1622 cderc‘),
983 1541 1120 1619 adeoque
1137 1541 1170 1601 in
1191 1558 1245 1601 sua
1266 1559 1332 1621 per·

197 1661 270 1704 sona
289 1642 427 1705 Divinam
448 1645 638 1706 maiestatem
659 1646 771 1706 laesam
790 1645 855 1705 lore
870 1645 904 1724 ⁷).
947 1643 1149 1704 Anathematc
1165 1643 1333 1706 feriebatur

196 1745 381 1817 Bertbelier,
403 1749 455 1826 qui
477 1749 693 1819 contenderat,
715 1767 761 1818 se,
782 1749 881 1829 quoad
898 1766 1018 1808 morum
1036 1747 1233 1828 probitatem,
1254 1747 1331 1810 nihil

197 1850 320 1911 Calvino
349 1853 456 1914 cedere
478 1852 510 1934 ιι).
552 1851 626 1913 Tres
654 1852 809 1922 homines,
840 1854 892 1931 qui
919 1853 951 1913 in
980 1853 1123 1914 concione
1152 1870 1250 1922 sacra,
1279 1851 1332 1914 ubi

197 1954 333 2033 praeibat
355 1953 511 2025 CalvinuS,
533 1956 628 2016 risum
653 1975 714 2016 non
742 1957 972 2026 continuerant,
1001 1957 1033 2016 in
1062 1975 1213 2016 carcerem
1241 1957 1332 2017 conii·

198 2056 356 2118 ciebantur
368 2059 405 2118 ad
416 2057 567 2137 publicam
578 2057 797 2136 poenitentiam
815 2059 971 2137 postulati;
993 2069 1024 2118 ct
1042 2059 1212 2118 istiusmodi
1224 2076 1331 2119 causae

198 2181 252 2240 per
263 2161 379 2222 biennii
391 2163 519 2242 spatium
532 2159 556 2241 (1
564 2159 714 2238 tos—60)
726 2161 966 2241 quadringentae
978 2162 1207 2240 quatuordecim
1218 2162 1332 2224 iudica·

197 2273 246 2324 tae
269 2275 341 2324 sunt
359 2264 394 2346 ⁹),
416 2266 497 2325 inter
519 2283 593 2344 quas
615 2283 685 2344 prae
707 2266 817 2325 ceteris
844 2264 919 2326 haec
947 2275 1055 2325 notatu
1083 2265 1175 2344 digna
1197 2266 1331 2337 videtur,

198 2367 387 2448 Chapuinuni
416 2369 454 2428 ad
482 2385 633 2428 carcerem
661 2367 753 2428 luisse
781 2368 973 2438 mandatum,
995 2369 1065 2446 quia
1087 2368 1260 2428 auctoritati
1282 2387 1331 2449 pa·

199 2473 289 2532 storia
311 2471 419 2532 cedere
442 2471 597 2541 noluerat,
619 2471 670 2550 qui
693 2470 811 2532 Claudii
833 2472 964 2540 nomini,
986 2471 1067 2550 quod
1089 2481 1176 2552 pater
1197 2469 1260 2532 filio
1282 2485 1337 2534 suo

196 2577 368 2645 indiderat,
389 2574 553 2635 Abrahami
575 2593 686 2636 nornen
709 2575 853 2636 substitui
875 2567 1037 2656 imperiose¹
1058 2575 1238 2655 postulabat.
1280 2575 1337 2638 llo·

198 2681 267 2741 dem
290 2680 355 2754 die,
378 2681 421 2739 sic
442 2680 571 2759 legimus
595 2680 627 2738 in
649 2679 733 2739 Actis
754 2679 899 2759 publicis,
928 2697 944 2739 e
974 2689 1119 2759 suggestu
1141 2678 1339 2742 vehementer

198 2783 340 2845 Calvinus
368 2785 506 2844 invectus
534 2792 581 2844 est
609 2783 641 2842 in
670 2782 868 2863 parochianos
889 2784 945 2843 scti
974 2781 1125 2851 cervasii,
1154 2783 1266 2843 bestias
1287 2803 1338 2846 cos

197 2888 380 2956 nominarit,
409 2896 441 2946 ct
469 2887 596 2947 totidem
625 2887 727 2948 verbis
746 2888 879 2948 minatus
898 2899 959 2956 est,
982 2905 1013 2948 sc
1036 2887 1200 2948 nonnullos
1222 2903 1260 2947 ex
1281 2887 1338 2949 hac

198 2991 340 3072 parochia
362 2991 497 3071 patibulo
520 2990 679 3051 allixurum
701 3009 767 3052 esse
787 2992 834 3072 10).
876 2991 1028 3060 Proiecto,
1059 2992 1110 3052 ubi
1136 2989 1269 3051 Ecclesia
1292 3010 1338 3052 so·

198 3097 290 3156 cietas
318 3106 380 3166 est,
409 3097 495 3156 cuius
524 3097 597 3156 socii
625 3107 697 3156 sunt
725 3106 786 3156 tam
816 3105 968 3176 pastores,
998 3113 1089 3174 quam
1118 3094 1240 3165 fideles,
1269 3096 1339 3156 talis

241 3405 261 3467 ⁵)
279 3403 413 3454 constitua.
430 3419 452 3454 o.
464 3402 482 3454 1.
499 3418 525 3468 p.
542 3402 583 3453 25.
684 3404 705 3466 ⁶)
726 3404 768 3470 Op.
785 3403 853 3454 Tem.
870 3402 941 3454 VIII.
958 3419 982 3468 p.
1000 3400 1071 3457 llssb.

241 3485 261 3550 ⁷)
279 3489 340 3538 Mea.
361 3492 419 3536 Gen.
438 3487 543 3548 (annau
566 3484 601 3534 ΙΙ.
619 3484 681 3537 Beil.
700 3487 750 3547 11).

239 3567 260 3630 8)
278 3567 399 3633 Re‘piatrea
421 3569 451 3618 de
476 3569 539 3629 Gen,
558 3567 587 3616 ad
604 3569 627 3619 d.
651 3569 682 3623 27
704 3585 735 3619 m.
760 3569 834 3618 Mart.
857 3585 877 3618 a.
902 3570 978 3620 1551:
1011 3567 1149 3625 „Philibert
1166 3564 1301 3617 Berthelier
1314 3583 1339 3617 sc

203 3647 300 3713 „pleinl
319 3665 350 3700 au
375 3649 476 3709 conseil,
496 3647 524 3697 de
545 3665 571 3698 ce
588 3665 633 3714 que
649 3649 673 3698 lc
690 3649 831 3699 consistoire
850 3649 886 3699 lui
905 3663 919 3698 a
939 3648 1040 3700 disendu
1059 3647 1083 3697 la
1096 3645 1152 3698 oenc
1170 3663 1233 3713 pour
1247 3647 1339 3698 n’avclr

204 3748 264 3797 „pas
280 3732 353 3782 vouln
371 3733 497 3793 convenii,
515 3731 576 3797 qu'il
592 3731 684 3781 n’avail
700 3733 744 3782 lait
760 3731 810 3781 mal
827 3731 856 3782 de
873 3732 992 3794 soutenir,
1009 3729 1071 3798 qu'il
1087 3729 1147 3782 etate
1164 3731 1228 3782 cusai
1245 3731 1339 3781 homine

202 3815 251 3874 „de
272 3814 327 3863 bien
344 3829 389 3878 que
406 3812 517 3866 Calviu.'’
535 3813 572 3864 Cf.
590 3827 689 3866 curzor.
706 3830 729 3864 o.
740 3813 758 3864 l.
775 3830 799 3878 p.
817 3814 857 3864 90.

242 3898 261 3960 ⁹)
279 3911 354 3947 orna.
372 3914 394 3948 o.
406 3897 423 3946 l.
441 3914 465 3962 p.
483 3898 540 3948 144.

230 3981 260 4042 10)
281 3977 403 4043 Re'pt'ctrec
419 3977 509 4038 dedat,
527 3979 556 4028 ad
573 3977 596 4028 d.
615 3977 646 4032 27
663 3994 695 4028 m.
713 3977 791 4042 April.
803 3993 824 4028 a.
835 3977 909 4027 1546.
927 3989 1023 4027 uruat.
1044 3975 1092 4026 o.l.
1105 3977 1139 4028 II.
1152 3977 1213 4027 429:
1238 3973 1340 4036 „c'c‘tait

203 4061 244 4119 „lc
258 4062 315 4125 joar
332 4062 360 4111 de
377 4060 401 4109 la
421 4061 610 4110 reconfirmation
634 4061 662 4110 de
686 4060 711 4109 le
734 4061 895 4124 bourgeoisie,
914 4075 960 4125 que
985 4059 1072 4110 Calain
1090 4059 1140 4119 dit,
1165 4069 1211 4124 qne
1228 4057 1263 4107 les
1282 4069 1340 4123 gaus

204 4145 254 4204 ¹‚da
270 4147 304 4195 st.
317 4145 415 4194 Gereatis
434 4142 525 4193 eicient
541 4143 581 4192 des
597 4143 674 4204 bites,
692 4147 717 4192 el
733 4143 793 4208 qn’il
809 4159 840 4192 en
861 4141 997 4208 pandrait.''
1015 4143 1052 4192 Cl.
1071 4140 1182 4192 Corbibre
1198 4157 1220 4192 o.
1229 4140 1247 4191 1.
1263 4156 1287 4206 p.
1299 4139 1339 4192 tt.

201 4230 226 4276 et
242 4228 289 4278 Me.
311 4229 369 4278 Gerr.
392 4239 488 4275 fluunt.
511 4227 608 4276 1461.
646 4226 708 4281 „Les
725 4223 853 4289 prophetes
875 4240 976 4274 mesmes
1000 4240 1030 4273 na
1054 4223 1225 4274 s'abstieunent
1246 4238 1288 4288 pas
1308 4222 1342 4272 du

205 4313 278 4368 „tout
296 4308 375 4358 d'user
396 4311 424 4360 de
444 4308 555 4358 brocards
575 4312 599 4356 ct
620 4308 702 4358 Christ
719 4324 749 4357 en
770 4311 853 4356 taxant
873 4307 910 4356 les
929 4310 1063 4372 trompeurs
1080 4308 1104 4355 el
1122 4307 1177 4356 saux
1200 4305 1341 4354 doctcursa

205 4393 264 4453 „des
275 4395 362 4442 termes
376 4393 476 4458 piquans
491 4394 515 4440 et
532 4395 629 4455 partout
645 4390 668 4439 le
688 4391 728 4440 Set
745 4391 828 4454 Esprit
845 4389 929 4454 charge
949 4392 1029 4438 contre
1049 4387 1107 4438 telle
1124 4386 1228 4438 muniere
1246 4386 1342 4450 degens

206 4474 303 4530 „crient
326 4489 379 4522 sans
403 4475 456 4522 rien
481 4471 619 4537 e'pargner.''
643 4485 717 4522 uren.
740 4487 761 4522 o.
778 4471 796 4522 l.
821 4488 844 4536 p.
869 4473 930 4532 215,
956 4473 1012 4521 536.
1033 4472 1081 4522 Ma.
1106 4473 1184 4536 lipar.
1207 4470 1235 4522 od
1258 4470 1281 4524 7.
1304 4468 1341 4520 Id.

203 4558 264 4621 Aug.
284 4555 357 4608 1557.
375 4568 470 4605 mur.
488 4554 538 4605 Ill.
556 4555 579 4604 S.
597 4553 781 4603 3355501118.
799 4553 851 4605 ο.1.
868 4568 892 4618 p.
910 4554 950 4604 26.
968 4565 1070 4604 aarum
1087 4568 1109 4603 o.
1122 4551 1139 4602 l.
1158 4553 1198 4603 25.
