3228 5102
844 283 884 348 at

295 484 414 548 celatur
441 479 528 542 Deus.
559 478 654 550 Quae
680 482 796 551 omnia,
824 483 880 544 etsi
910 483 1028 545 diversa
1057 484 1154 562 primo
1177 481 1430 544 obtutisvidean·

275 596 361 656 tur,
390 585 482 666 prebe
510 593 612 644 tamen
640 584 722 644 inter
750 604 782 646 se
811 585 985 648 cohaerent.
1027 585 1157 648 Ultimus
1185 585 1336 648 Ecclesiae
1361 585 1431 646 finis

296 701 359 760 est,
388 700 423 750 ut
450 689 508 750 rite
537 689 654 748 colatur
684 687 771 748 lleus.
814 688 868 750 Dei
898 709 970 751 vero
991 691 1091 752 cultus
1112 691 1143 750 in
1166 710 1202 751 ec
1224 691 1375 759 consistit,
1396 699 1431 750 ut

295 795 423 858 verbum
444 791 518 852 Eius
539 792 604 852 sine
626 791 688 850 ulla
710 793 962 872 tergiversatione
988 795 1019 854 in
1049 813 1080 854 se
1099 795 1262 874 suscipiant
1280 794 1431 862 homines,

295 908 387 980 atque
415 896 572 957 doctrinae
598 893 694 974 Ipsius
720 896 924 956 indubitatam
953 907 1110 976 praestent
1139 897 1238 958 fidem.
1282 899 1307 957 li
1337 897 1432 976 igitur

297 1003 357 1064 rite
379 1001 501 1066 demum
523 1001 622 1060 colare
644 997 740 1063 Deum
762 1001 906 1063 censendi
928 1013 1012 1070 sunt,
1041 1003 1093 1080 qui
1115 1001 1260 1061 submissa
1282 1000 1342 1062 fide
1363 1001 1432 1061 dcc·

295 1107 407 1170 trinam
435 1103 532 1185 Ipsius
558 1103 800 1182 amplectuntur,
828 1123 889 1183 quc
917 1105 1007 1169 simul
1027 1105 1155 1166 nomine
1177 1114 1319 1166 aeternae
1340 1103 1432 1164 iidem

293 1205 587 1278 haereditandam
609 1207 681 1270 olim
702 1208 870 1288 participes.

499 1413 590 1497 §lb
632 1413 879 1492 Pcrsccllsaimcm
903 1413 1051 1478 Ecclesiae
1077 1415 1231 1496 eccmplcr.

336 1623 501 1686 Ecclesiam
530 1620 680 1682 visibilem
706 1639 872 1700 numquam
902 1631 1106 1684 assecuturam
1129 1641 1208 1692 esse,
1235 1640 1335 1702 neque
1356 1640 1433 1683 asse-

296 1728 348 1808 qui
376 1744 462 1807 posse
491 1725 615 1789 omnino
637 1724 793 1784 ecclesiam
818 1725 1016 1794 invisibilem,
1038 1743 1129 1804 supra
1151 1725 1313 1786 estendere
1334 1726 1434 1786 conati

295 1849 408 1896 sumus.
452 1827 565 1902 Quodsi
588 1843 661 1906 ergo
683 1826 714 1886 in
737 1828 861 1888 ecclesia
885 1829 1030 1890 invisibili
1052 1828 1163 1888 frustra
1182 1829 1327 1890 ecclcsiae
1349 1829 1435 1889 nctic

294 1933 403 1996 idcalis
423 1951 440 1992 e
461 1941 565 1994 mente
586 1930 702 1991 Calvini
724 1932 897 2008 quaeritur,
919 1951 981 1992 non
1003 1931 1057 1990 abs
1079 1949 1111 1992 re
1133 1931 1198 1992 scre
1221 1933 1359 2000 videtur,
1380 1930 1434 1990 Ec·

185 2057 189 2066 ·
295 2038 404 2098 clasiae
426 2035 608 2116 perlectum,
637 2035 757 2113 qualem
779 2036 976 2114 auguraverit
998 2055 1064 2096 eam
1087 2034 1227 2096 Calvinus
1249 2035 1435 2114 paucissimis

294 2141 327 2202 in
355 2139 416 2202 line
443 2139 536 2202 buius
558 2137 664 2217 capitis
686 2157 847 2218 apponere.
889 2137 951 2200 lam
973 2157 1061 2209 veru,
1083 2150 1118 2199 ut
1140 2139 1177 2200 ab
1198 2138 1256 2199 hoc
1278 2139 1434 2218 incipiam,

295 2254 380 2310 certo
408 2244 520 2323 certius
549 2243 607 2302 sibi
636 2259 812 2321 persuasum
840 2242 973 2322 habebat
1002 2254 1122 2312 noster,
1155 2243 1241 2303 »lieri
1270 2261 1435 2322 numquam

295 2366 420 2428 aposse,
452 2357 487 2408 ut
516 2344 650 2406 Ecclesia
679 2346 842 2406 intercidat
866 2345 914 2426 ¹).'’
957 2345 1108 2424 Quicquid
1137 2348 1218 2406 cnim
1245 2346 1436 2406 machinetur

297 2450 461 2520 »Satanas
482 2461 514 2512 et
536 2449 730 2530 quantumvis
751 2450 935 2529 multiplices
964 2449 1068 2510 turbas
1091 2451 1225 2528 ingerat,
1247 2468 1436 2510 emersurum

296 2567 420 2618 atamen
449 2564 496 2614 est
524 2552 738 2634 Euangelium‚
760 2553 856 2614 donec
878 2572 932 2632 per
954 2562 1053 2612 tatum
1076 2553 1181 2614 orbem
1203 2563 1364 2633 spargatur
1383 2553 1434 2634 ’γ’

297 2659 408 2730 »Quod
422 2641 531 2718 'tamen
552 2675 591 2717 ne
614 2657 656 2717 ita
678 2657 821 2735 accipias,
843 2657 928 2735 quasi
952 2655 989 2716 ad
1012 2654 1201 2735 »Antipcdas
1222 2665 1254 2716 et
1276 2656 1350 2716 alios
1368 2673 1435 2734 prc-

295 2763 367 2823 seul
396 2769 529 2820 rcmctcs
557 2759 682 2838 populos
711 2776 807 2836 usque
824 2757 863 2838 ’γ’
891 2757 1072 2818 dilataretur
1090 2755 1236 2826 Ecclesia,
1258 2777 1328 2818 nam
1351 2758 1434 2818 »sin-

299 2867 407 2946 »gulas
439 2861 546 2924 mundi
572 2862 675 2940 plagas
704 2859 840 2920 Christus
869 2861 1041 2939 specialiter
1069 2879 1129 2920 non
1152 2861 1290 2940 designat
1306 2861 1362 2942 ⁴),''
1383 2859 1436 2921 ubi

302 2969 390 3031 dicit:
411 2967 658 3047 κηρυχθήσεσθαι
684 2968 718 3024 τὸ
747 2966 918 3044 εὐαγγέλιον
946 2965 978 3022 s'r
998 2968 1051 3044 ὅλῃ
1072 2973 1106 3040 τῇ
1125 2967 1281 3045 οἰκουμένῃ
1300 2973 1344 3032 εἰς
1363 2989 1432 3045 pap·

301 3079 405 3152 τύρων
433 3077 524 3131 πᾶσιν
545 3083 608 3136 τοῖς
629 3071 759 3130 ἔθνεσιν.
801 3066 835 3128 ln
864 3067 975 3147 quibus
1003 3068 1104 3130 verbis
1125 3068 1182 3128 hoe
1204 3087 1324 3148 quoque
1345 3069 1439 3148 probe

303 3175 525 3240 observandum
557 3181 620 3241 est,
651 3188 713 3230 nun
735 3168 795 3229 dici
827 3167 902 3228 haec
931 3169 969 3230 de
991 3169 1143 3234 ordinaria
1164 3169 1315 3231 Ecclesiae
1337 3170 1439 3230 condi·

301 3281 402 3349 tiene,
435 3278 489 3338 sed
520 3275 684 3336 cohaerere
717 3273 882 3334 arctissime
915 3292 983 3334 cum
1015 3271 1127 3332 Christi
1160 3282 1322 3352 napocctq,
1349 3292 1440 3353 quam

302 3393 370 3465 post
392 3391 438 3442 tct
460 3381 551 3440 etiam
574 3377 763 3438 saeculorum
785 3377 946 3436 decursum
969 3375 1098 3436 firmiter
1126 3386 1228 3437 tamen
1250 3379 1281 3438 in
1302 3395 1439 3438 consum·

301 3486 435 3556 ulatione
458 3485 577 3544 dierum
595 3489 751 3560 exspectat
767 3479 799 3560 ⁵).
842 3477 915 3559 Spes
933 3498 1070 3559 quoque,
1092 3499 1181 3560 quam
1202 3481 1284 3541 intus
1302 3480 1441 3548 lcvebat,

303 3600 399 3652 »tunc
431 3587 531 3650 omnia
559 3585 617 3646 sibi
645 3583 799 3644 Christum
828 3583 1037 3644 subiecturum
1065 3603 1131 3646 esse
1150 3583 1207 3666 6),”
1235 3583 1354 3644 »Deum
1375 3583 1440 3646 lore

304 3692 423 3754 »omnia
456 3691 488 3749 in
521 3685 733 3768 (ιιιιιιὶιιιιεῚ),η
766 3704 883 3746 »unum
909 3705 1070 3747 evasurum
1099 3705 1165 3746 esse
1195 3687 1274 3747 ovile
1302 3685 1358 3746 sub
1380 3704 1441 3746 unc
1503 3731 1507 3739 .

303 3805 446 3877 »pastore
465 3792 520 3876 ⁸),''
553 3809 615 3852 ncn
648 3791 691 3850 ita
724 3790 899 3870 accipienda
928 3800 990 3860 est,
1023 3789 1107 3868 quasi
1137 3807 1269 3868 unquam
1299 3790 1441 3850 universa
1538 3803 1543 3812 '

303 3898 441 3980 gentium
469 3893 559 3955 turba
582 3901 704 3952 aeterna
728 3891 873 3952 bearetur
893 3894 1005 3963 salute,
1028 3894 1076 3954 vel
1098 3901 1225 3953 externa
1246 3893 1353 3953 saltem
1374 3911 1440 3972 prc-

343 4123 364 4187 1)
386 4123 448 4174 Vera
459 4122 524 4172 Eccl.
535 4120 582 4186 ref.
593 4120 664 4170 calio.
676 4119 744 4170 Tem.
756 4118 826 4169 VIII.
838 4134 861 4184 p.
875 4114 946 4172 2871),
960 4117 989 4168 cf.
1002 4117 1032 4166 dc
1044 4116 1179 4168 Scandcls's.
1193 4117 1260 4170 Tum.
1268 4116 1340 4168 VIII.
1351 4133 1374 4182 p.
1387 4110 1441 4171 74¹³.

342 4204 363 4267 ἵ)
384 4201 732 4254 connumerabitur.
752 4201 791 4252 14.
892 4200 913 4262 ³)
933 4199 969 4249 Ib.
1070 4199 1146 4261 4)11ι.

343 4285 363 4348 Β)
382 4284 419 4336 cf.
436 4285 498 4335 Insl.
517 4285 552 4334 II.
570 4285 610 4334 16.
634 4284 674 4338 17.
692 4285 717 4332 et
740 4284 824 4334 Coram.
845 4281 1091 4333 adducamur.
1111 4282 1155 4340 60,
1178 4282 1214 4332 cd
1234 4283 1282 4333 Mc.
1305 4282 1376 4334 XIII.
1397 4280 1441 4340 62,

305 4366 339 4418 cd
358 4367 394 4417 Ic.
414 4365 479 4418 XXI.
497 4367 541 4426 22,
559 4365 594 4416 ccl
608 4366 671 4416 Acta
688 4365 709 4417 1.
728 4365 756 4424 6,
774 4365 839 4416 cdl
860 4364 897 4414 00.
916 4362 966 4414 XV.
986 4363 1017 4412 26
1035 4365 1059 4413 et
1076 4363 1111 4414 ccl
1127 4363 1141 4414 1
1159 4363 1195 4416 Ic.
1213 4363 1247 4415 II.
1267 4365 1306 4416 18.

341 4448 362 4510 θ)
382 4448 468 4498 Comm.
486 4447 550 4497 call
572 4447 611 4498 Oc.
628 4445 680 4496 XV.
698 4444 738 4498 27.
839 4443 859 4508 ⁷)
881 4445 965 4496 Ocmm.
983 4445 1048 4496 adl
1070 4445 1110 4496 Oc.
1127 4445 1178 4496 XV.
1196 4445 1236 4498 28.

341 4528 363 4594 ⁸)
384 4529 470 4584 Ocmm.
486 4527 521 4580 cul
536 4528 604 4582 Iolla.
621 4527 651 4579 X.
670 4526 715 4590 tt,
733 4524 796 4592 qued
813 4525 843 4591 de
860 4523 920 4578 selis
934 4525 1017 4586 clectis
1035 4527 1127 4588 dictum
1143 4542 1193 4578 esse
1209 4526 1347 4581 exstimat..
