3240 5100
809 249 870 316 131

271 477 412 538 »semper
432 457 641 519 moderatione
661 455 832 517 eorundum
851 465 916 524 est,
945 465 979 516 ut
1001 456 1116 526 omnia,
1139 473 1216 535 quae
1238 464 1405 526 canuntur,

271 563 423 642 »intelligi
447 563 484 622 ab
505 561 644 622 omnibus
666 560 752 620 facile
775 571 889 639 queant
902 558 966 640 11).”
1008 557 1107 628 Quare
1129 557 1328 620 vehementer
1348 559 1406 620 llu-

269 666 457 727 manensium
488 671 610 723 cantum
639 661 790 740 improbat
811 661 843 720 iu
861 677 993 739 quorum
1013 660 1216 722 conventibus
1238 662 1262 720 si
1284 663 1406 741 quando

271 769 379 830 Psalmi
401 773 565 835 canantur,
587 783 641 826 rso
660 765 801 826 beneemt
819 763 873 825 het
889 764 1050 825 kriesohcn
1069 765 1125 825 der
1142 764 1331 845 zanglreren,
1351 765 1406 827 bet

271 874 455 940 »bolderen,
477 871 589 938 lullen‚
613 880 786 948 tournoyen
804 868 882 928 ende
899 869 1064 929 rammelen
1080 869 1136 928 der
1153 869 1408 930 unverstandelic·

271 978 349 1037 »ker
371 975 497 1036 worden
519 973 574 1033 bet
596 983 704 1052 gantae
726 970 884 1032 verstandt
907 971 991 1040 dess,
1013 971 1066 1031 dat
1088 971 1266 1052 gezonghen
1290 975 1404 1035 werdt:

271 1081 356 1140 »also
380 1079 433 1140 dat
455 1077 599 1137 waarliok
621 1075 746 1152 sobijnt,
768 1074 821 1135 dat
842 1074 880 1134 de
900 1073 1037 1134 Psalmeu
1056 1074 1129 1135 daer
1148 1076 1214 1135 veel
1232 1095 1316 1137 meer
1333 1077 1406 1157 gbc·

270 1183 424 1244 »donnert
445 1181 524 1242 ende
546 1179 702 1260 gbeblaett
724 1180 866 1247 werden,
887 1179 948 1239 dan
969 1179 1184 1259 gheronghen‚
1204 1199 1290 1242 verre
1307 1182 1334 1241 is
1352 1180 1406 1241 het

270 1287 345 1348 »dat
361 1303 432 1346 men
451 1283 587 1364 zeggben
606 1282 742 1352 mochte,
762 1283 908 1364 ghelezen
928 1283 962 1344 ol
971 1283 1208 1363 wtgbesproken
1222 1285 1287 1366 ¹⁷).”
1317 1283 1405 1345 Prac-

271 1400 319 1451 ter
340 1388 473 1450 Psalmos
496 1387 617 1448 bavidis
639 1388 695 1448 alia
717 1405 838 1466 quoque
859 1388 991 1446 earmina
1014 1403 1097 1447 sacra
1119 1388 1253 1448 admittit
1265 1387 1311 1468 ¹⁸).

310 1513 335 1554 c.
368 1492 438 1554 uter
459 1490 536 1570 sesti.
581 1489 657 1550 »llic
680 1488 836 1550 Dominico
859 1491 897 1551 ab
919 1489 1062 1570 operibus
1081 1490 1259 1551 cessandum
1277 1491 1357 1562 ast³’,
1375 1502 1407 1552 et

270 1597 375 1660 sedulo
398 1593 452 1656 bei
474 1596 575 1656 cultus
596 1593 805 1654 observandus
818 1594 860 1673 ¹⁹).
903 1592 1100 1672 Reliquorum
1123 1595 1242 1655 dierum
1260 1595 1408 1655 festorum

270 1700 468 1762 celebrationi
497 1696 625 1758 Luscum
653 1697 797 1758 invidisse
823 1698 940 1777 potius,
966 1717 1057 1777 quam
1081 1717 1119 1758 ex
1142 1699 1234 1759 animi
1256 1700 1409 1760 sententio

270 1806 395 1872 lavisse,
423 1803 569 1882 suspicari
597 1802 669 1862 licet
691 1820 728 1862 ex
750 1801 798 1862 his
820 1803 885 1862 eius
911 1801 1025 1862 verbis:
1067 1804 1116 1862 osi
1138 1803 1205 1882 quis
1226 1803 1291 1864 dies
1313 1803 1409 1864 sescus

225 1945 228 1952 ,
272 1908 424 1976 »incidam
445 1907 532 1966 cuius
554 1905 726 1965 observatio
746 1904 795 1964 hic
818 1905 953 1965 nondum
973 1904 1087 1965 aboleri
1109 1906 1222 1984 potuit,
1243 1916 1314 1966 cett.
1325 1906 1391 1986 ²⁰).'’

312 2031 338 2070 a.
369 2009 491 2070 leionio.
535 2008 632 2069 »Cum
651 2007 784 2069 Ecclesia
803 2009 950 2068 ministris
969 2026 1043 2088 opus
1061 2008 1170 2077 babet,
1192 2009 1338 2070 indicitur
1357 2029 1411 2090 pu·

272 2114 407 2174 »blicam
426 2112 574 2173 ieiunium
597 2111 655 2172 toti
678 2111 849 2182 Ecclesiae,
871 2113 1129 2191 constituiturque
1150 2113 1215 2173 dios
1237 2123 1339 2172 certus
1357 2131 1412 2192 per

271 2212 510 2294 „senioresssp”
552 2211 607 2272 lllo
639 2222 742 2274 autem
774 2214 823 2274 die
866 2225 957 2294 »post
990 2214 1125 2294 publicas
1153 2233 1259 2294 preces
1287 2217 1411 2278 domum

272 2319 408 2380 »reversi
431 2317 530 2378 sobrie
553 2335 587 2377 ac
608 2316 769 2397 frugaliter
791 2318 894 2378 vivant
916 2317 1038 2387 fideles,
1060 2337 1094 2378 ac
1116 2318 1181 2378 sine
1200 2319 1268 2380 cibo
1286 2339 1320 2380 ac
1335 2331 1412 2400 potu

273 2422 334 2481 aad
362 2439 519 2500 vesperam
548 2437 643 2499 usque
673 2418 834 2500 (quatenus
864 2422 896 2481 id
918 2422 1060 2482 valetudo
1082 2422 1228 2502 cuiusque
1250 2425 1413 2505 permittit)

274 2525 379 2586 »diem
409 2525 495 2584 illum
524 2523 770 2604 transigent²²)'’.
813 2523 857 2585 Ne
886 2535 987 2585 tarnen
1017 2525 1070 2586 liat
1099 2544 1137 2586 ex
1159 2543 1249 2605 opere
1273 2538 1413 2607 operato,

274 2629 386 2690 leniter
415 2629 515 2708 potius
548 2628 586 2688 ad
621 2629 687 2688 eius
710 2627 953 2690 observationem
975 2627 1081 2690 fideles
1102 2628 1305 2690 exhortentur
1325 2631 1413 2690 mini-

211 2787 214 2794 .
273 2734 345 2801 stri,
366 2751 456 2812 quam
479 2743 513 2791 ut
534 2750 589 2812 pro
611 2732 792 2792 auctoritate
814 2751 867 2792 sua
889 2733 1047 2811 imperiose
1070 2751 1136 2793 eum
1158 2734 1281 2814 exigant
1293 2734 1337 2816 11).

316 2835 359 2896 Ile
380 2835 507 2914 reliquis
529 2834 639 2894 ritibus
660 2835 751 2896 sacris
773 2835 850 2895 nibil
871 2846 989 2896 certum
1010 2837 1220 2916 praescripsit.
1240 2847 1272 2898 et
1293 2839 1325 2900 iu
1347 2839 1412 2898 uui-

276 2958 364 3000 verso
406 2939 685 2999 »caeremoniarum
716 2940 845 2999 eandem
871 2939 998 3000 formam
1025 2959 1087 3000 non
1108 2924 1292 3022 magnopere
1313 2945 1414 3022 requi·

278 3069 291 3096 »
301 3044 341 3102 rit
353 3041 389 3123 11)
398 3042 423 3110 ,”
445 3041 527 3122 quod
557 3067 569 3093 a
581 3042 711 3102 varietas
734 3043 882 3121 quaedam
895 3043 1009 3102 rituum
1022 3045 1106 3104 utilis
1118 3045 1240 3123 quidem
1252 3053 1297 3108 est
1308 3047 1414 3107 adver·

277 3165 350 3207 »sus
369 3145 576 3208 Pbaresoioam
594 3147 854 3207 caeremoniarum
873 3147 1051 3208 servitutem
1063 3148 1134 3229 11)”,
1153 3158 1184 3209 et
1210 3168 1285 3210 »sua
1304 3151 1414 3231 cuique

307 3361 338 3422 11)
358 3359 394 3410 Ib.
411 3375 435 3424 p.
454 3359 510 3410 632.

306 3441 337 3504 17)
354 3443 391 3492 De
410 3443 483 3492 mirra
497 3443 585 3508 papali
604 3459 627 3508 p.
646 3444 686 3493 18.
713 3444 749 3494 De
766 3459 911 3508 organorum
928 3462 973 3496 usu
990 3463 1107 3513 nusquam
1123 3450 1186 3516 apud
1202 3467 1257 3501 cum
1273 3453 1300 3501 fit
1316 3454 1415 3504 mentio.

280 3523 351 3572 Nunc
371 3523 443 3572 eliam
462 3526 591 3587 supersunt
612 3524 645 3574 1⁰.
665 3525 696 3574 26
717 3527 830 3576 Paalmen
849 3528 910 3577 ende
930 3528 1006 3578 ander
1021 3531 1185 3596 pluranpltem
1209 3533 1248 3582 die
1268 3551 1321 3584 men
1340 3535 1366 3584 in
1385 3533 1416 3585 de

280 3605 419 3669 Dupdtaelle
447 3606 587 3656 Glemeente
611 3610 635 3656 te
659 3607 759 3657 houden
783 3625 832 3658 was
853 3583 1055 3673 plelrrfyelende.
1086 3611 1161 3661 Lond.
1185 3615 1202 3662 4
1227 3615 1285 3678 Apr.
1308 3617 1372 3670 1557
1393 3621 1417 3667 et

278 3686 368 3735 Emdae
389 3684 422 3748 bij
445 3685 552 3734 Gellium
578 3685 680 3736 Ctemut.
705 3689 736 3738 28
762 3688 815 3739 Jan.
843 3690 915 3741 1558.
949 3691 983 3740 21.
1005 3692 1100 3742 Andaere
1125 3693 1156 3741 26
1181 3696 1295 3746 Pralmcn
1316 3699 1419 3749 Doridis

281 3769 419 3818 nieoweliclc
443 3771 618 3833 loeqltemaeclct
644 3771 677 3836 ttj
700 3771 826 3821 demolueu
851 3774 954 3822 autheur
973 3774 997 3824 J.
1019 3775 1046 3824 U.
1068 3773 1229 3839 (usenhoven)
1251 3780 1311 3830 ende
1335 3797 1368 3830 nu
1390 3783 1417 3831 in

283 3851 371 3901 drucle
391 3852 570 3916 wtpteqteoen,
589 3856 629 3901 ten
648 3857 716 3903 nette
736 3854 780 3902 der
799 3853 1018 3904 Nederlandtocler
1040 3857 1206 3922 Gbemepnten.
1226 3859 1259 3908 ³⁰.
1277 3861 1350 3912 1559.
1368 3879 1386 3912 s.
1399 3863 1416 3914 1.

281 3936 306 3982 et
325 3934 420 3996 typogr.
450 3931 485 3982 3⁰.
503 3934 533 3982 11
556 3934 632 3983 ander
652 3936 766 3984 Psalmen
785 3935 843 3986 door
859 3937 884 3984 J.
909 3937 935 3985 U.
956 3938 1059 3986 amthoar
1079 3937 1123 3987 der
1138 3939 1272 4004 repraeter
1292 3944 1419 4010 &henepo-

283 4019 323 4064 ten
342 4015 495 4078 sanpkboeclc.
514 4017 571 4065 cett.
589 4016 622 4063 8⁰.
641 4017 713 4067 1559.
732 4017 801 4064 uma.
819 4016 881 4065 Gall.
899 4016 975 4068 Ctem.

309 4094 340 4157 11)
358 4093 394 4145 Cf.
412 4093 578 4144 collectionem
595 4095 746 4145 Psalmorum
763 4096 790 4145 in
807 4101 863 4146 noto
881 4097 921 4150 17.
938 4099 1016 4162 primo
1034 4098 1086 4149 loeo
1104 4099 1247 4167 descriptam
1264 4119 1288 4168 p.
1307 4108 1347 4157 65.

311 4177 342 4238 ¹⁹)
363 4179 415 4226 eat.
433 4177 508 4227 hond.
527 4179 582 4228 mai.
600 4194 625 4242 p.
643 4177 687 4239 27,
707 4180 747 4229 29.

310 4257 341 4318 11)
359 4259 445 4307 borma
463 4273 493 4307 ac
509 4263 556 4308 rat.
574 4260 630 4309 min.
647 4261 722 4311 Loud.
741 4277 764 4326 p.
784 4263 823 4312 84.
850 4262 886 4314 Cf.
904 4266 983 4313 lamen
1001 4265 1032 4316 ib.
1050 4281 1074 4330 p.
1093 4268 1132 4318 58.

308 4341 340 4402 11)
358 4339 395 4388 Ib.
413 4355 436 4404 p.
455 4342 482 4392 δ.
583 4341 614 4404 11)
632 4341 668 4392 Ib.
685 4358 709 4406 p.
728 4344 767 4394 15.
787 4343 822 4395 Ol.
841 4345 873 4396 ib.
891 4361 915 4410 p.
934 4347 990 4397 558.

308 4421 339 4484 11)
357 4419 394 4472 Ib.
411 4435 435 4486 p.
454 4422 516 4482 547,
534 4423 594 4483 556,
613 4423 671 4476 557.
772 4426 803 4488 11)
825 4430 870 4492 Ep.
889 4429 929 4479 ad.
947 4431 1032 4484 Pellio.
1052 4434 1110 4496 (Ser.
1129 4438 1179 4486 ant.
1198 4434 1233 4485 II.
1251 4435 1286 4488 1³.
1307 4436 1382 4499 1132).

312 4503 342 4566 15)
362 4507 410 4570 Ep.
427 4505 463 4557 acl
477 4507 529 4558 ord.
547 4508 600 4558 Pol.
621 4507 666 4570 (lb.
688 4508 722 4557 ΙΙ.
741 4509 776 4560 2³.
795 4509 872 4574 720).
