3228 5102
726 320 765 382 33

180 519 283 600 »cipue
303 520 512 582 aestimandam
533 539 593 582 esse
613 520 789 592 Ecclesiam,
812 521 837 582 si
854 521 1002 582 doctrinae
1016 539 1070 600 per
1088 519 1235 600 Apostolos
1253 523 1311 579 tra·

180 623 279 684 »ditae
299 623 470 704 simplicitas
490 625 522 686 ln
544 642 578 686 eo
598 624 691 704 oipcat
708 624 758 706 7).”

450 848 452 852 ·
556 831 646 914 §lb
689 830 836 893 Ecclesiae
856 831 932 912 fim’s.
1037 855 1043 873 ’

219 1036 371 1117 Insignem
400 1035 533 1099 Ecclesia
561 1039 661 1099 locum
690 1049 816 1120 occupat
837 1039 918 1100 inter
943 1036 1063 1098 »media
1085 1045 1225 1105 externa,
1246 1035 1311 1114 qui·

179 1139 235 1200 bus
257 1139 332 1202 tides
353 1142 384 1202 in
406 1141 494 1202 nobis
516 1152 547 1203 et
570 1143 713 1223 gignatur
734 1153 766 1204 et
787 1153 927 1223 augescat
947 1141 999 1223 ι);”
1019 1140 1125 1200 matris
1141 1139 1237 1199 instar
1252 1146 1312 1207 est,

179 1245 233 1305 »iu
261 1247 347 1306 cuius
375 1248 474 1307 sinum
504 1249 662 1328 aggregari
688 1248 753 1308 vult
776 1245 855 1308 Deus
876 1245 954 1306 filios
976 1263 1045 1305 suos
1066 1262 1128 1304 non
1149 1241 1256 1311 modo,
1270 1250 1313 1330 ut

179 1349 267 1409 »eius
295 1350 465 1410 ministerio
494 1351 629 1420 alantur,
658 1350 802 1430 quamdiu
831 1350 962 1410 insontes
988 1359 1059 1408 sunt
1082 1367 1115 1407 ae
1136 1346 1239 1426 pueri,
1260 1343 1314 1404 scd

179 1472 273 1514 scura
295 1454 387 1514 etiam
408 1463 545 1514 materna
567 1465 727 1534 regantur,
749 1454 845 1514 donec
867 1454 1038 1513 adolescant
1057 1461 1088 1512 et
1106 1449 1230 1510 tandem
1247 1467 1313 1529 per·

180 1557 326 1618 »veniant
354 1557 392 1618 ad
416 1567 528 1618 metam
548 1557 600 1637 ²).''
641 1557 732 1618 Fides
754 1569 854 1618 autem
877 1576 970 1636 quum
992 1565 1074 1616 certa
1096 1555 1135 1616 sit
1157 1554 1312 1614 doctrinae

179 1659 423 1739 comprehensio,
444 1695 484 1708 -
505 1661 625 1741 proprie
657 1662 752 1741 Igitur
795 1662 943 1721 »ccclesia
972 1660 1010 1720 nd
1038 1659 1129 1720 huius
1157 1657 1314 1718 doctrinae

180 1766 462 1826 »conservationem
492 1767 631 1826 instituta
653 1776 700 1826 est
719 1766 768 1846 ¹).''
811 1764 920 1836 »Quod
943 1765 1019 1826 adeo
1041 1782 1102 1824 non
1125 1761 1315 1842 extinguitur

180 1867 234 1926 »in
262 1868 376 1929 mundo
405 1869 532 1938 veritas,
553 1869 607 1930 sed
629 1871 709 1931 salve
731 1879 862 1948 perstat,
883 1870 914 1930 id
936 1867 985 1937 fit,
1007 1867 1087 1946 quod
1109 1866 1200 1926 fidam
1221 1863 1315 1925 habet

181 1971 360 2031 »custodem
388 1971 568 2042 Ecclesiam,
597 1974 684 2033 cuius
707 1991 810 2053 opera,
832 1983 863 2033 et
885 1973 1052 2033 ministerio
1075 1972 1244 2032 sustinetur
1262 1966 1315 2050 ⁴);”

179 2082 211 2133 et
240 2074 348 2134 »cuius
376 2077 546 2137 ministerio
568 2077 664 2136 voluit
686 2075 766 2137 Deus
787 2095 819 2136 se
842 2075 1002 2137 ostendere
1025 2074 1113 2136 nohis
1135 2083 1252 2154 patrem
1273 2071 1315 2132 fa·

180 2176 316 2244 »milias,
345 2176 418 2238 dum
446 2196 501 2238 nos
530 2178 737 2257 spiritualibus
760 2179 912 2239 alimentis
932 2179 1043 2258 pascit,
1065 2187 1096 2238 ct
1118 2192 1316 2256 quaecunque

180 2279 240 2339 »ad
267 2280 395 2340 salutem
424 2293 558 2342 nostram
581 2283 696 2354 ssciuut
719 2293 860 2362 procurat
880 2282 936 2364 ⁵);”
958 2281 1100 2361 quoniam
1122 2290 1208 2360 parat
1229 2277 1316 2337 nobis

179 2383 408 2444 »remissionem
430 2396 626 2468 peccatorum
640 2387 697 2468 ⁸),''
727 2397 758 2446 et
784 2395 927 2447 »tantum
948 2396 1064 2466 potest,
1085 2393 1119 2444 ut
1140 2402 1196 2444 nos
1217 2383 1250 2442 in
1271 2398 1316 2440 so·

179 2486 310 2546 »cietate
344 2485 397 2548 Dei
433 2489 587 2550 contineat
608 2489 661 2571 ⁷).’'
704 2488 919 2550 Verumtamen
958 2489 1083 2550 humani
1123 2486 1244 2568 generis
1283 2485 1316 2544 in

179 2599 332 2668 posterum
361 2590 518 2652 beatitudo
547 2593 708 2672 primarius
737 2591 904 2662 Ecclesiae,
933 2611 993 2672 quo
1021 2592 1143 2660 tendat,
1172 2590 1242 2665 linis
1263 2588 1315 2648 ha·

178 2691 277 2753 banda
306 2711 368 2753 non
396 2703 457 2764 est,
485 2705 635 2774 quatenus
657 2697 854 2776 »angelorum
876 2697 1093 2776 hominumque
1117 2695 1207 2756 soluti
1230 2711 1315 2773 prae·

180 2795 346 2857 »serendus
364 2806 410 2858 est
428 2796 482 2858 Dei
501 2800 600 2860 cultus
612 2798 664 2881 ⁸).’'
704 2799 861 2861 »Primum
879 2801 974 2882 igitur
991 2811 1081 2881 caput
1099 2808 1162 2868 est,
1182 2807 1217 2858 ut
1236 2795 1315 2856 Deus

180 2897 261 2958 »rite
290 2901 406 2960 colatur
423 2899 478 2979 ⁹).”
521 2899 684 2971 Nimirum,
724 2902 768 2962 »si
797 2902 970 2981 quaeritur,
993 2902 1103 2981 quibus
1124 2900 1315 2980 potissimum

181 3001 293 3062 »rebus
321 3012 381 3062 stet
410 3001 579 3064 Christiana
608 3003 715 3082 religio
737 3004 819 3064 luter
841 3021 896 3064 nos
918 3021 1062 3082 suamque
1086 3003 1245 3062 veritatem
1267 3019 1314 3062 re·

180 3106 315 3174 mineat,
342 3105 397 3165 has
425 3105 501 3166 duas
529 3125 590 3166 non
618 3106 709 3166 modo
735 3125 885 3166 summum
906 3107 1006 3166 locum
1029 3123 1174 3186 occupare
1197 3113 1315 3165 certum

180 3217 264 3277 nest,
286 3209 338 3269 sed
359 3209 491 3289 reliquas
512 3210 604 3270 etism
627 3228 731 3270 omnes
749 3221 862 3290 partes,
884 3211 1019 3289 adeoque
1038 3220 1133 3270 totam
1151 3209 1212 3268 rim
1231 3207 1315 3268 Chri·

181 3312 351 3372 »stianismi
380 3313 436 3373 sub
464 3332 496 3374 se
525 3313 794 3393 comprehendere:
822 3320 854 3374 at
880 3313 936 3374 rite
963 3313 1075 3373 colatur
1099 3311 1191 3382 ans,
1219 3317 1246 3371 et
1266 3317 1314 3381 at,

182 3413 271 3474 nicode
292 3415 372 3476 salas
394 3415 449 3476 sihi
466 3416 590 3496 petenda
613 3417 664 3487 sit,
686 3417 816 3477 etoocriot
837 3417 1048 3508 homincs10).’'
1085 3415 1238 3476 Habemus
1259 3415 1314 3495 igi·

180 3525 233 3578 tur
267 3517 422 3578 ecclesiam
455 3537 492 3579 eo
520 3519 662 3588 tendere,
690 3530 726 3580 ut
753 3530 951 3582 conservetur
976 3519 1130 3587 doctrina,
1156 3528 1191 3579 ut
1222 3517 1314 3580 fidem

182 3629 292 3700 augeat
321 3619 352 3679 in
381 3622 501 3693 electis,
530 3641 641 3702 eosque
668 3625 765 3685 salute
794 3624 865 3686 beet
887 3633 1027 3694 aeterna,
1048 3623 1179 3704 denique
1201 3632 1236 3682 ut
1258 3621 1316 3682 rite

171 3762 465 3774 n——n—-—

222 3825 242 3890 7)
263 3829 348 3880 Comm.
365 3831 392 3880 in
408 3831 461 3882 Act.
478 3830 513 3884 II.
530 3833 571 3882 42.
589 3832 655 3884 Tam.
672 3833 726 3884 Vlc.
743 3849 767 3899 p.
785 3833 825 3884 23.

223 3909 243 3970 ¹)
262 3913 322 3962 Inest.
339 3912 381 3964 IV.
401 3914 423 3965 l.
442 3915 465 3965 1.
566 3915 586 3978 ²)
605 3915 641 3968 Ih.
659 3917 688 3966 cl.
706 3915 749 3966 IV.
768 3917 790 3966 1.
809 3917 837 3975 3,
855 3917 879 3966 4.

222 3992 242 4054 ³)
260 3993 298 4043 Ite
314 4009 364 4044 nec.
381 3994 428 4060 ref.
445 3996 510 4046 Eccl.
528 3993 594 4048 'lom
611 3997 682 4047 VIII.
699 4013 723 4062 p.
743 3996 794 4046 88¹¹.

202 4074 243 4143 st)
262 4077 323 4127 last.
340 4075 383 4128 IV.
402 4077 425 4128 8.
444 4078 483 4128 12.
501 4078 531 4128 cf.
548 4078 591 4129 IV.
609 4080 632 4130 1.
651 4082 679 4138 t,
697 4078 737 4130 10.
754 4081 779 4127 et
795 4079 839 4144 Ep.
860 4078 925 4128 Cala.
943 4077 988 4143 Op.
1006 4077 1072 4129 Tam.
1090 4078 1147 4130 be.
1163 4094 1187 4144 p.
1205 4079 1258 4133 61³.

222 4155 242 4218 ⁵)
260 4157 321 4207 lost.
339 4157 381 4208 IV.
400 4159 423 4209 1.
441 4159 480 4210 10.

224 4239 245 4302 ⁶)
265 4239 401 4292 Commod
417 4243 492 4294 1.10.
510 4242 545 4294 II.
564 4245 587 4296 5.
607 4247 666 4295 last.
683 4243 725 4294 IV.
744 4243 768 4294 1.
786 4243 830 4304 20,
849 4243 895 4302 21,
912 4242 952 4294 22.

223 4319 243 4384 ἴ)
263 4324 324 4372 lost.
341 4319 384 4374 IV.
402 4323 425 4372 l.
444 4323 466 4373 3.
484 4326 509 4372 et
524 4324 567 4376 IV.
586 4325 608 4374 8.
627 4325 666 4376 12.

223 4401 244 4466 ⁸)
267 4405 329 4455 Vero
344 4401 407 4454 Eecl.
424 4405 469 4470 ref.
487 4407 558 4456 ratio.
575 4406 640 4457 Tam.
656 4407 725 4458 VIII.
743 4424 766 4473 p.
785 4404 856 4460 alab.

225 4485 245 4548 ⁹)
263 4487 334 4552 Resp.
352 4485 387 4535 ad
404 4487 459 4536 Cur.
476 4487 599 4552 quemdam.
617 4487 684 4540 Tom.
701 4488 771 4538 VIII.
789 4505 812 4554 p.
831 4490 899 4541 242¹.

213 4566 245 4632 ¹⁰)
263 4568 301 4618 De
317 4583 367 4621 aee.
384 4569 431 4636 ref.
447 4569 512 4620 Eccl.
530 4569 597 4622 Tam.
613 4569 684 4622 VIII.
701 4586 725 4636 p.
743 4570 795 4622 ³8¹.
