3240 5100
641 1489 799 1578 Plus
835 1489 916 1577 ΙΙΙ.

246 1706 272 1778 t.
291 1707 448 1779 cauetur
465 1720 511 1777 ur
529 1720 555 1780 J.
574 1717 593 1776 t
611 1721 728 1778 nosco
746 1722 796 1778 uu
814 1709 990 1778 uodonem
1008 1708 1300 1778 sumuurttuunt

561 1811 677 1872 turae
695 1809 738 1872 au
756 1803 990 1873 caurorum.

252 2405 299 2468 tc
327 2415 508 2486 postremam
534 2406 752 2485 disquisitionis
781 2413 895 2485 partem
919 2405 1015 2464 oratio
1036 2404 1187 2484 pervenit,
1209 2413 1241 2465 et
1263 2413 1342 2485 post·

212 2531 301 2592 quam
324 2511 419 2591 igitur
441 2509 473 2570 in
495 2510 746 2590 praecedentibus
775 2519 914 2570 accurate
940 2509 1012 2570 satis
1036 2509 1256 2578 examinutum,-
1277 2527 1349 2578 nee,

211 2625 246 2676 ut
269 2616 390 2694 opinor,
412 2615 477 2674 sine
500 2616 560 2674 ulla
583 2613 642 2674 lide
665 2619 767 2674 rerum
790 2615 958 2693 expositum
979 2623 1039 2682 est,
1064 2619 1211 2692 quaenam
1234 2611 1349 2672 Calvlui

212 2715 359 2797 Lascique
382 2718 420 2778 de
443 2716 574 2778 Ecclesia
598 2719 768 2778 sentcntiae
792 2718 919 2784 luerint,
941 2717 999 2777 iam
1023 2718 1116 2776 instat
1138 2727 1172 2776 ut
1190 2717 1350 2794 utriusque

211 2821 419 2881 informatoris
448 2822 630 2881 sententiam
660 2831 748 2881 caute
778 2839 811 2880 ac
841 2820 995 2880 subtiliter
1020 2820 1101 2880 inter
1122 2834 1187 2879 sese
1217 2819 1350 2879 consera-

211 2943 288 2985 mus.
332 2922 458 2984 Multum
488 2926 603 3004 negotii
629 2925 679 2985 illa
710 2925 885 3004 compositio
912 2923 1000 2984 nobis
1022 2927 1083 2983 non
1106 2923 1241 2982 lacesset.
1284 2922 1351 2982 Ete-

212 3028 291 3095 nim,
320 3027 492 3105 quicunque
523 3027 621 3086 obiter
649 3027 739 3086 modo
771 3045 822 3093 ea,
854 3040 931 3104 quae
965 3043 1053 3104 supra
1087 3025 1182 3084 relata
1213 3035 1284 3084 sunt
1317 3043 1350 3084 ae

214 3131 330 3210 digesta
351 3129 534 3209 perlustrare
547 3129 636 3197 velit,
655 3140 790 3189 actutum
806 3129 913 3208 ingens
929 3148 963 3188 ac
981 3127 1115 3188 notabile
1135 3129 1229 3188 veluti
1247 3147 1264 3187 e
1286 3128 1350 3188 lon·

213 3235 327 3313 ginquo
341 3233 400 3293 iam
416 3231 554 3312 dispiciet
572 3232 751 3298 discrimen,
770 3231 851 3310 quod
870 3232 951 3291 ultro
969 3249 1034 3291 sese
1053 3231 1162 3311 prodit.
1189 3229 1233 3293 Ne
1249 3240 1351 3293 tamen

214 3355 281 3396 eum
304 3337 400 3416 gratia
423 3336 580 3396 videamur
601 3345 653 3395 aut
675 3335 839 3396 ambitione
861 3335 891 3394 in
911 3333 1071 3396 scribendo
1089 3355 1154 3396 esse
1170 3337 1297 3406 versati,
1319 3347 1351 3398 et

213 3439 318 3519 procul
339 3457 355 3498 e
379 3457 409 3500 se
432 3440 561 3500 invicem
580 3457 596 3499 e
616 3440 747 3518 partium
770 3439 872 3499 studio
894 3439 1063 3509 disiecisse,
1085 3440 1166 3500 inter
1183 3457 1259 3519 quos
1277 3456 1351 3500 nou·

214 3543 271 3603 nisi
294 3543 369 3602 levis
391 3543 600 3602 intercedebat
622 3541 810 3612 differentia,
839 3542 974 3622 adeoque
997 3543 1034 3604 de
1060 3543 1210 3604 industria
1232 3544 1350 3604 auxisse

214 3647 393 3716 discrimen,
425 3666 485 3726 quo
514 3647 766 3727 emungebantur,
799 3667 831 3706 ac
861 3647 1033 3706 dilatavisse
1062 3657 1183 3726 praeter
1210 3647 1350 3716 modum,

214 3752 297 3811 ultro
326 3751 458 3811 libenter
485 3751 629 3818 fatemur,
658 3750 767 3810 adduci
796 3768 881 3828 posse
910 3749 992 3810 haud
1022 3761 1083 3810 tam
1112 3769 1205 3829 pauca
1227 3769 1244 3810 e
1266 3748 1351 3810 Lusci

216 3855 383 3934 opusculis,
412 3873 488 3933 quae
517 3853 673 3914 Calvinum
696 3853 796 3933 potius
821 3854 979 3922 redolere,
1006 3871 1068 3913 non
1089 3867 1212 3933 prorsus
1231 3869 1351 3933 quoque

216 3959 247 4017 in
269 3956 384 4017 Caluini
410 3957 530 4036 scriptis
559 3957 630 4018 talia
659 3957 842 4024 desiderari,
871 3973 947 4035 quae
977 3954 1061 4016 Lusci
1090 3956 1224 4016 indolem
1251 3957 1352 4036 potius

216 4061 330 4120 referre
360 4061 529 4121 videantur.
573 4055 634 4120 Nec
663 4061 782 4120 mirum.
825 4059 890 4120 Nori
921 4077 1039 4139 semper
1070 4060 1150 4119 enim
1179 4065 1211 4120 e't
1238 4059 1351 4140 ubique

216 4165 350 4224 locorum
374 4163 431 4224 sibi
453 4175 590 4224 constare
613 4165 712 4224 solent
730 4163 886 4231 mortales,
908 4173 939 4222 et
957 4162 1009 4223 ubi
1031 4163 1114 4224 aliud
1132 4163 1250 4243 agendo
1268 4171 1351 4245 prad·

218 4268 322 4328 sertim
345 4267 444 4327 obiter
466 4267 580 4346 aliquid
599 4276 746 4347 tangunt,
768 4267 915 4326 illuctati
935 4263 1064 4346 abrepti,
1086 4267 1118 4326 in
1137 4284 1197 4345 quo
1215 4267 1351 4347 occupati

218 4380 305 4440 sunt,
327 4381 379 4430 aut
400 4370 501 4430 minus
522 4380 662 4431 accurate
685 4369 861 4439 verborum,
885 4370 994 4449 quibus
1016 4379 1161 4439 utuntur,
1183 4370 1352 4450 ponderant

217 4475 294 4542 vim,
320 4483 389 4542 aut,
417 4474 498 4553 quod
520 4474 606 4554 peius
628 4475 736 4543 etiam,
757 4473 871 4534 incauti
893 4471 1020 4534 subinde
1043 4475 1074 4533 iu
1095 4484 1250 4535 vetustum
1271 4491 1352 4535 erro·

217 4595 282 4637 rem
304 4577 490 4640 relabuntur.
523 4577 571 4637 Ad
590 4576 663 4638 talia
680 4586 781 4638 autem
800 4593 963 4657 provocare
984 4576 1070 4638 nefa-s
1090 4581 1184 4647 esset,
1205 4577 1258 4638 ulti
1279 4577 1352 4639 dud·
