3240 5100
751 272 810 335 169

214 473 289 535 tione
310 491 364 536 sua
381 451 556 554 praelucere.
593 453 798 544 'Santonos
819 474 943 536 arctiore
964 494 1049 538 sensu
1070 475 1111 538 sio
1131 475 1216 548 dicti,
1238 478 1270 540 in
1291 497 1347 541 orn·

212 577 299 638 nibus
329 577 407 638 uerbi
437 578 580 640 ministris
612 578 724 639 ouailio
756 578 815 639 sint
841 587 925 659 atque
953 579 1130 652 adiumento,
1158 583 1347 662 peculiariter

212 687 307 742 tamcn
327 700 439 742 cnorum
459 670 610 743 censuram
630 683 810 743 commissam
830 683 885 744 sibi
907 682 1047 753 labeant,
1074 701 1160 764 quam
1177 703 1232 764 per
1251 688 1347 748 uarios

210 784 383 863 disciplinae
406 785 516 864 pradus
543 786 659 846 cornitcr
683 804 792 866 sernper
813 793 839 846 et
860 786 977 847 nonnisi
998 805 1034 846 ec
1055 785 1203 848 Ecclesiae
1223 791 1345 851 auctori·

211 895 269 948 late
288 896 386 968 apum.
430 889 572 950 Accedam
590 889 629 950 iis
645 890 817 959 diaconi,
839 890 888 970 qui
903 897 1019 970 praeter
1037 891 1204 952 tabularum
1220 893 1345 954 ministe·

209 993 286 1054 rium
312 993 381 1074 fidei
408 1013 514 1074 qnoque
539 992 696 1073 puritatem
724 1000 750 1054 et
779 993 953 1055 honestatem
978 1013 1088 1056 morum
1109 995 1186 1056 inter
1203 1011 1346 1076 pauperes

205 1114 370 1175 pransorem
390 1103 474 1176 atquc
495 1095 570 1157 tucri
586 1114 643 1175 pro
662 1095 744 1156 uirili
763 1097 871 1158 delent.

644 1556 814 1635 CAPUT
846 1559 906 1633 vi.

299 1765 456 1808 accensum
478 1765 554 1808 Enoc
576 1763 802 1807 DISSENTIENTES
822 1763 860 1807 ET
881 1763 1089 1807 msarsrnawn
1111 1765 1248 1809 RELATIO.

418 2137 439 2219 ᾗ
466 2139 493 2197 1.
535 2135 683 2197 Ecclesiae
704 2154 773 2216 erpa
794 2135 993 2198 dissentientes
1013 2137 1125 2199 relatio.

239 2345 305 2406 Non
335 2365 439 2408 omnes
468 2365 484 2405 a
514 2364 545 2406 se
574 2345 790 2406 dissentientes
816 2346 923 2406 cadem
951 2347 1016 2408 loco
1045 2357 1137 2426 atque
1165 2367 1294 2410 numero
1320 2351 1337 2408 is

196 2448 292 2512 Lasso
317 2449 441 2520 babuit,
470 2451 523 2511 scd
552 2469 624 2510 vero
652 2449 745 2529 probe
768 2449 1021 2530 distinguendum
1042 2470 1107 2512 csse
1130 2463 1232 2513 censet
1254 2453 1335 2514 inter

197 2572 264 2622 cas,
293 2555 345 2633 qui
367 2553 602 2614 Romanensium
624 2551 776 2614 Ecclesiae
799 2555 1042 2616 communionem
1064 2566 1206 2635 expetere
1229 2539 1333 2617 ctie‘rn·

196 2668 269 2718 tunc
297 2656 481 2737 pergebant,
513 2666 545 2716 et
573 2674 640 2725 cos,
672 2655 724 2736 qui
756 2656 838 2715 inter
865 2655 944 2734 ipsos
975 2655 1180 2718 Protoscantes
1208 2658 1271 2718 sive
1301 2659 1332 2718 in

195 2761 351 2822 doctrinae
380 2761 453 2820 locis
481 2759 677 2839 quibusdam,
707 2759 769 2818 sive
796 2759 827 2817 in
850 2759 942 2819 sacris
964 2760 1073 2822 ritibus
1094 2761 1331 2832 constituendis,

194 2865 290 2945 magis
318 2865 456 2925 minusve
485 2864 622 2924 diversae
652 2863 822 2924 sententiae
845 2863 1121 2942 patrocinabantur.
1163 2863 1330 2924 Romanen-

196 2969 272 3028 sium
295 2969 471 3048 sacrilegum
493 2967 547 3028 Dei
565 2967 685 3028 colendi
707 2967 856 3027 rationem
874 2967 894 3048 ¹)
916 2967 992 3027 adeo
1011 2966 1221 3028 detestabatur
1239 2980 1330 3047 atque

194 3072 226 3132 in
245 3072 467 3132 abominatione
485 3071 617 3132 habebat
635 3081 750 3139 noster,
770 3081 804 3130 ut
822 3080 958 3140 censeat,
985 3069 1094 3148 »betnii
1114 3089 1211 3131 eencn
1230 3070 1328 3132 Chris·

192 3182 307 3234 stenen
339 3172 482 3233 menscbe
515 3171 678 3252 gheensins
707 3171 857 3251 gbeorloit
887 3171 1015 3251 eenigbc
1045 3172 1268 3254 ghemeynseap
1296 3176 1328 3236 in

193 3261 271 3337 »elle
298 3279 395 3354 zijncn
425 3277 640 3356 godsdienstcn
671 3285 701 3335 tc
730 3275 851 3336 hebben
873 3276 940 3357 ²):''
969 3277 1088 3336 missam
1118 3277 1256 3356 inprimis
1278 3297 1327 3357 pa·
1430 3322 1432 3326 ,

190 3381 304 3460 palem,
334 3399 405 3440 rom
427 3375 519 3441 birer
536 3380 723 3460 grouwlickc
747 3379 964 3460 godtloosbeyt
986 3380 1097 3440 willc''
1120 3381 1261 3461 religiose
1284 3383 1325 3442 vi·

191 3484 312 3544 tandum
335 3503 400 3544 csse
426 3484 515 3544 docet
531 3485 561 3565 ³).
604 3483 681 3553 Quia
711 3494 810 3545 tamen
840 3503 894 3564 per
916 3485 1119 3565 ignorantiam
1148 3486 1325 3564 plerumque

190 3598 221 3648 ct
249 3588 354 3649 iudicii
380 3589 535 3648 levitatem
564 3586 799 3648 Romanensium
828 3606 911 3648 saera
939 3587 1078 3648 homines
1103 3587 1189 3666 sequi
1210 3588 1324 3657 solent,

188 3692 226 3752 de
255 3692 327 3772 ipsis
355 3691 446 3752 liuius
474 3689 626 3752 Ecclesiae
655 3691 856 3752 sectatoribus
879 3691 1058 3752 clementius
1086 3691 1193 3771 utique
1214 3693 1323 3760 sentit,

188 3794 240 3854 ubi
269 3795 395 3856 latetur:
425 3792 512 3874 »Ego
540 3795 678 3856 homines
706 3796 786 3874 ipsas
808 3796 883 3856 adeo
904 3814 965 3856 non
988 3795 1054 3864 odi,
1076 3806 1110 3855 nt
1132 3814 1180 3856 me
1203 3796 1239 3855 iis
1261 3815 1321 3856 nun

188 3916 351 3976 »cuperem
381 3898 523 3978 prodesse
552 3917 639 3978 posse
661 3917 716 3979 pro
737 3900 887 3960 tenuitate
909 3919 975 3960 mea
994 3899 1048 3980 ⁴).''
1082 3897 1229 3959 Similiter
1249 3899 1323 3960 alios

187 4019 306 4080 quoquc
335 4001 528 4071 exhortatur,
557 4012 591 4062 ut
620 4002 657 4062 ab
684 4003 752 4064 odio
782 4022 822 4064 se
842 4004 1019 4065 contineant
1044 4013 1076 4063 et
1101 4003 1261 4072 conviciis,
1290 4015 1321 4063 et

214 4276 233 4337 ι)
252 4277 297 4342 Ep.
320 4275 355 4326 ool
375 4277 497 4330 Hardenl.
525 4281 584 4342 (Ser.
609 4284 659 4330 aut.
681 4281 716 4331 II.
740 4283 775 4332 1².
795 4281 871 4344 483).
899 4280 996 4347 0111.
1021 4281 1056 4331 nd
1077 4281 1147 4332 eund.
1169 4281 1318 4345 (ih.11.1a.

183 4359 232 4414 487
250 4362 275 4409 ct
291 4360 348 4410 488.
450 4361 470 4424 ²)
489 4362 527 4412 De
543 4363 616 4413 missa
628 4365 715 4429 papali
725 4380 748 4429 p.
762 4365 806 4426 21,
825 4365 865 4414 2³.
888 4363 924 4416 Os.
941 4365 1019 4416 Tracl,
1040 4365 1070 4416 de
1087 4367 1192 4416 Sacram.
1209 4382 1232 4430 p.
1250 4366 1318 4417 1412.

211 4443 232 4504 ³)
250 4443 288 4492 De
304 4443 377 4492 misso
388 4443 475 4508 papali
491 4459 515 4508 p.
533 4443 572 4492 25.
590 4442 626 4492 cf.
645 4443 677 4495 ib.
695 4462 718 4510 p.
737 4446 777 4495 26.

211 4527 232 4586 ⁴)
250 4525 294 4590 Ep.
312 4524 347 4574 nd
364 4525 420 4574 Seu.
438 4525 491 4576 Pol.
511 4525 571 4586 (Ser.
589 4529 639 4577 ant.
657 4527 705 4576 111.
725 4528 759 4578 1⁸.
776 4543 800 4594 p.
819 4529 894 4592 lla).
