3240 5100
841 296 888 356 ’98

298 499 436 569 pastores
459 511 547 552 uerno
569 513 640 572 prae
663 496 772 555 ceteris
794 495 974 555 auctoritate
997 495 1119 555 emiaet.
1161 494 1185 554 E
1208 493 1360 554 contrario
1381 491 1435 553 Ge-

298 612 397 655 ¹nevae
420 613 534 656 summa
557 597 588 656 in
612 595 742 658 Ecclesia
765 609 897 677 potestas
918 599 949 659 in
971 609 1125 679 pastorum
1147 599 1253 659 ordine
1276 598 1332 658 sita
1353 606 1435 666 erat,

303 696 371 774 qui,
393 696 424 755 in
446 697 575 757 solidum
598 717 614 757 a
636 696 812 759 Senioribus
834 701 986 770 distincti,
1013 702 1068 762 soli
1091 702 1259 762 doctrinam
1282 701 1435 762 curabant.

302 797 368 878 Ipse
390 800 532 861 Calvinus
553 803 735 881 praesidium
758 805 789 863 in
811 822 915 866 eorum
937 823 1078 866 consessu
1097 815 1302 886 occupaverat.
1345 804 1437 865 Disci-

303 902 416 981 plinam
442 923 532 983 porro
555 903 809 977 Ecclesiasticam,
832 909 951 987 qualem
973 929 990 970 e
1012 911 1124 970 veteris
1146 909 1297 970 Ecclesiae
1318 928 1376 970 usu
1404 909 1436 968 iu

303 1008 422 1087 scriptis
443 1009 505 1068 suis
527 1007 669 1072 Calvinus
689 1013 896 1084 commendat,
918 1013 1006 1074 unice
1028 1015 1091 1074 sere
1114 1015 1213 1075 tendit
1231 1015 1262 1074 in
1281 1013 1436 1074 doctrinae

300 1113 447 1174 tuendam
477 1115 657 1193 puritatem,
685 1135 778 1194 quum
807 1127 911 1178 contra
941 1118 1114 1197 disciplina,
1143 1137 1231 1198 quam
1257 1117 1320 1197 ipsc
1343 1115 1436 1177 Gene-

303 1231 357 1274 vac
379 1215 498 1294 legibus
519 1216 679 1287 delinivit,
695 1229 816 1298 praeter
837 1219 1020 1290 doctrinam,
1041 1240 1140 1282 mores
1162 1240 1281 1300 quoque
1304 1232 1335 1281 et
1357 1221 1436 1281 vitae

301 1317 412 1396 agendi
434 1320 581 1380 rationem
604 1322 699 1400 magis
721 1323 891 1401 spectabat,
913 1326 966 1385 sed
988 1343 1025 1385 eo
1043 1326 1164 1386 nomine
1183 1325 1272 1385 nimis
1293 1325 1385 1384 ctiam
1405 1323 1438 1383 in

302 1437 368 1480 rem
389 1421 588 1482 domesticam·
606 1424 787 1486 insinuabat.
830 1427 864 1487 Iu
886 1429 1006 1509 scriptis
1025 1429 1156 1508 denique
1178 1429 1318 1490 Calvinus
1339 1427 1438 1508 politi·

302 1541 367 1584 cam
397 1535 428 1585 ct
457 1525 697 1589 Ecclesiasticam
726 1541 908 1609 potestatem
938 1533 1015 1594 bene
1045 1554 1062 1594 a
1090 1552 1122 1594 se
1151 1533 1280 1593 invicem
1309 1531 1438 1592 secrevit

302 1636 393 1706 atque
411 1632 561 1709 seposuit,
584 1651 677 1710 quum
696 1644 801 1694 contra
820 1633 959 1696 Genavae
978 1647 1106 1716 utraque
1125 1647 1258 1716 potestas
1276 1647 1338 1697 tam
1357 1645 1438 1696 arcte

301 1728 383 1790 inter
404 1750 436 1794 se
458 1735 617 1796 coniuncta
641 1747 722 1806 erat,
744 1747 779 1798 ut
800 1739 896 1800 civilis
917 1740 1037 1821 politia,
1066 1740 1187 1801 nominc
1214 1738 1365 1802 Ecclesiae
1386 1739 1438 1800 do·

301 1834 400 1905 mina,
420 1855 454 1898 rc
476 1837 529 1898 fiat
550 1837 702 1902 Ecclesiae
725 1842 841 1903 ancilla.

815 2093 923 2104 -η

668 2277 878 2342 CONCLUSIO
900 2279 1037 2341 Pauus
1057 2281 1087 2351 I,

447 2490 504 2542 Qua
521 2491 608 2532 snum
626 2491 738 2534 cauam
755 2495 794 2535 DE
812 2495 942 2536 beonnam
959 2495 1109 2536 scurnum
1127 2494 1294 2548 mamus.

344 2666 475 2728 Ecclesia
496 2670 603 2748 coplae
624 2677 680 2740 cst,
709 2689 830 2750 quaram
851 2673 946 2733 altera
968 2673 1114 2734 lominum
1135 2673 1229 2733 oculos
1250 2671 1328 2750 sapit
1349 2677 1374 2731 et
1395 2689 1438 2730 so·

306 2771 362 2832 lias
383 2771 436 2832 Dei
457 2781 585 2850 respecta
603 2773 736 2835 Ecclesia
753 2775 875 2845 dicitur,
898 2784 982 2856 elprae
999 2777 1069 2836 adeo
1087 2783 1195 2837 actara
1213 2793 1266 2836 saa
1284 2782 1325 2836 est
1343 2775 1438 2835 invi·

304 2875 447 2939 sibilis.
491 2874 545 2936 Est
570 2875 640 2935 baec
661 2876 795 2938 Ecclesia
816 2879 936 2939 societas
957 2898 1068 2949 eoram,
1097 2879 1145 2959 qai
1170 2879 1324 2939 secandam
1349 2883 1440 2937 aeler-

303 2997 373 3038 num
394 2978 448 3038 llei
469 2978 675 3057 beneplacitam
693 2981 732 3040 ad
754 2982 875 3042 salutem
897 2989 963 3042 saal
979 2981 1205 3060 mieceslaum
1226 2982 1259 3041 ia
1276 2999 1333 3061 qua
1350 2981 1441 3060 ipitur

305 3082 434 3152 aallaat,
463 3103 552 3162 aeque
574 3085 642 3154 loci,
671 3105 761 3164 aeque
782 3087 916 3164 lcraporis
936 3087 1091 3147 discrimen
1110 3087 1282 3146 observatur.
1324 3085 1440 3154 Altera,

306 3205 378 3265 puae
406 3187 553 3248 bominum
579 3197 707 3267 respecta
736 3188 868 3250 Ecclesia
896 3190 1019 3260 dicitur,
1050 3190 1230 3250 visibilis
1252 3196 1308 3259 cst,
1337 3195 1364 3248 ct
1385 3195 1441 3248 toto

306 3289 381 3349 coelo
419 3297 526 3353 secreta
558 3292 594 3352 ab
629 3293 723 3353 altera
754 3293 810 3354 illa
842 3293 988 3365 Ecclesia,
1021 3313 1141 3374 quacum
1173 3294 1200 3353 ei
1231 3291 1349 3354 aeaaisi
1379 3293 1441 3370 sor·v

307 3393 380 3457 tuito
401 3396 548 3473 ,quaedam
572 3396 676 3456 relatio
698 3397 854 3457 intercedit.
896 3397 976 3458 Haec
997 3405 1091 3458 ualeat
1112 3397 1259 3468 Ecclesia,
1281 3397 1321 3456 ad
1340 3395 1442 3456 meridi

306 3500 447 3578 oripiacra
474 3501 649 3570 retroeundo,
676 3508 703 3560 ct
729 3500 812 3562 iailio
841 3519 1066 3582 quaquaversum
1094 3501 1226 3581 dispersa
1251 3518 1286 3560 ac
1306 3499 1441 3568 disiecta,

306 3621 373 3665 mou
394 3603 433 3662 ad
454 3603 613 3664 Abrabami
634 3603 781 3682 familiam
802 3611 827 3665 et
848 3605 1051 3666 lsrai'litarara
1071 3612 1183 3684 perlem
1203 3623 1262 3665 sese
1281 3603 1440 3672 contradit,

306 3706 394 3766 doacc
418 3713 484 3784 post
513 3705 622 3768 Gltristi
650 3707 801 3768 educatura
829 3728 844 3767 c
871 3709 992 3788 reliquis
1020 3728 1126 3788 qaoque
1151 3708 1316 3768 aatioailas
1338 3707 1443 3785 elipere

306 3809 443 3888 quosdam
466 3809 557 3870 risam
583 3811 620 3870 sit
642 3810 708 3872 lieo.
749 3811 979 3872 Maclriaatioacs
1009 3811 1151 3881 Satanae,
1185 3811 1234 3890 qai
1261 3811 1316 3871 llei
1343 3809 1442 3870 Eccle-

306 3912 367 3973 siae
394 3913 533 3976 iasidiori
561 3935 715 3996 aarapoaar
745 3923 851 3986 cessat,
873 3917 1048 3996 omaipoleas
1069 3917 1123 3976 Dei
1143 3917 1234 3977 cirtae
1255 3916 1358 3976 irritos
1378 3915 1442 3975 red·
1511 3919 1515 3926 '

306 4016 349 4078 dit
370 4024 396 4077 ct
417 4019 570 4081 lacessam.
612 4020 677 4099 lpse
699 4019 775 4080 Deos
797 4021 872 4080 lacae
894 4019 1055 4080 Ecclesiam
1076 4019 1171 4080 electis
1194 4019 1254 4080 sais
1271 4019 1303 4078 ia
1319 4020 1444 4080 acediam

305 4121 419 4198 proiice
436 4122 536 4200 offert,
554 4123 627 4202 quod
645 4123 684 4182 ad
701 4122 804 4184 matris
821 4123 916 4182 iaslar
933 4122 1094 4184 institueret
1111 4142 1157 4184 eos
1172 4131 1255 4202 clqae
1272 4123 1405 4184 educaret
1413 4123 1442 4204 ¹).

340 4386 359 4446 ¹)
378 4383 442 4449 Quid
454 4385 516 4434 inter
528 4385 663 4434 societatem
672 4386 697 4433 el
705 4384 848 4434 institutum
859 4383 966 4443 intersit,
979 4383 1068 4448 optime
1079 4383 1245 4447 intelligetur,
1259 4383 1280 4432 si
1292 4385 1443 4449 reputamus,

302 4466 447 4528 Ecclesiam,
466 4483 525 4532 quae
541 4470 578 4516 est
588 4468 703 4527 societas,
716 4481 854 4516 evanescere
866 4465 934 4514 illico
946 4481 959 4514 e
971 4469 1109 4530 conspectu,
1127 4464 1271 4530 simulatque
1280 4465 1340 4514 socii
1352 4463 1444 4524 dasint;

303 4566 378 4618 quum
395 4553 476 4600 ronna
493 4548 610 4610 Ecclesia,
628 4563 688 4614 quae
708 4549 843 4600 institutam
863 4546 946 4612 potius
962 4545 1070 4597 habenda
1086 4549 1135 4626 est,
1153 4546 1248 4613 qualem
1264 4545 1373 4598 delinivit
1390 4561 1444 4596 cam
