3240 5100
802 264 863 328 tto

263 472 417 534 »Ecclesia
440 469 535 532 officia
562 469 599 530 ad
622 477 760 528 mutuam
777 467 906 528 fratrum
924 467 1055 530 invicem
1073 465 1207 528 omnium
1226 467 1401 530 societatem

264 577 456 656 apertinent,
486 575 518 636 in
544 573 602 634 hoc
629 573 767 652 inprimis
795 572 961 632 consistere
985 571 1128 631 videntur
1138 569 1200 651 ⁸):''
1244 579 1300 630 »ut
1322 570 1402 648 quis·

263 699 344 758 »quc
367 680 399 739 in
421 676 553 738 Ecclesia
577 677 671 736 totius
693 675 784 736 simul
806 675 940 754 corporis
962 673 1111 736 Ecclesiae
1133 674 1297 754 imprimis,
1318 673 1402 733 deiu-

264 766 325 843 »dc
355 800 427 842 vcro
455 781 644 860 singulorum
673 779 739 840 cius
767 779 972 838 membrorum
1003 779 1084 838 inter
1111 796 1176 840 sese
1206 777 1315 857 (quoad
1337 777 1404 837 cius

265 883 354 946 »fieri
382 886 493 965 potest)
522 903 641 968 pacem,
671 883 862 944 concordiam
891 893 982 961 atque
1005 883 1153 952 unitatem
1175 881 1232 942 sub
1253 882 1337 942 verbi
1359 881 1402 942 di·

264 990 349 1050 »vini
372 989 545 1050 ohedientia
569 988 725 1055 observet,
755 987 922 1055 custodiat,
951 996 1127 1066 promoveat
1149 1005 1182 1045 ac
1205 996 1328 1046 tuentur
1349 1003 1403 1064 pro

265 1113 340 1152 nsua
370 1093 465 1157 virili.
496 1111 594 1171 neque
624 1093 706 1152 illam
733 1091 828 1172 (quod
850 1092 881 1150 in
905 1091 969 1170 ipso
991 1090 1051 1170 cst)
1071 1090 1168 1152 scindi
1190 1090 1405 1168 quoquomodo

266 1195 498 1277 »perturbarivc
531 1195 684 1275 sinat⁹);”
717 1206 876 1275 propterca
909 1195 1005 1273 quod,
1050 1195 1114 1254 »als
1146 1195 1317 1254 ledematen
1350 1194 1404 1254 der

265 1300 467 1380 »ghemccnte
497 1297 667 1358 Christi...
697 1298 772 1358 door
801 1300 839 1360 de
868 1299 960 1358 licide
988 1298 1062 1358 hare
1092 1317 1189 1377 gavcn
1216 1307 1262 1357 tot
1292 1297 1403 1376 ophou·

266 1405 388 1483 »wiugc
416 1422 543 1482 gcmeen
572 1401 694 1462 hebben
708 1401 770 1482 ¹⁰l.’'
815 1400 972 1462 »Membra
994 1403 1075 1462 enim
1098 1403 1214 1462 inuno
1237 1402 1405 1482 eodemque

264 1525 412 1586 »corpore
435 1507 551 1575 omnia,
574 1524 634 1566 non
657 1515 783 1586 possunt
796 1507 863 1566 alia
885 1524 939 1585 pro
962 1507 1028 1565 aliis
1048 1523 1108 1566 non
1127 1524 1246 1585 semper
1263 1525 1328 1566 esse
1347 1506 1404 1566 sol·

265 1611 386 1672 alicha:
417 1611 469 1672 sed
498 1621 636 1672 mutuam
665 1611 746 1670 inter
775 1628 807 1669 se
834 1611 965 1671 invicem
985 1629 1088 1674 curam
1110 1611 1167 1670 alia
1190 1629 1244 1689 pro
1266 1611 1332 1670 aliis
1354 1609 1405 1670 ha·

244 1715 364 1791 ,abent
377 1714 439 1795 ¹¹).’'
484 1713 545 1774 »Ut
567 1713 682 1794 (porro)
703 1715 831 1793 quisque
853 1713 886 1774 iu
907 1712 1040 1774 Ecclesia
1064 1716 1140 1774 alius
1159 1715 1252 1774 alium
1271 1714 1406 1774 fraterne

266 1837 326 1878 »cx
348 1817 441 1880 verbo
464 1817 517 1878 Dci
540 1818 717 1885 admoueat,
740 1827 772 1877 et
794 1819 871 1878 alius
893 1818 930 1878 ab
952 1820 1011 1878 alio
1033 1820 1163 1879 vicissim
1186 1819 1407 1879 admonitiones

265 1921 435 1982 »eiusmodi
464 1919 597 1980 libenter
625 1919 752 1999 accipiat
766 1918 830 1999 ¹²l.’'
873 1918 982 1982 »Ultro
1014 1919 1170 2000 (denique)
1199 1939 1233 1980 ac
1259 1919 1407 1988 libenter,

265 2024 455 2084 »liberaliter
473 2025 564 2084 etiam
583 2024 615 2084 in
634 2042 721 2082 usum
740 2032 831 2101 atquc
851 2024 1024 2084 alimoniam
1047 2043 1215 2104 pauperum
1234 2024 1407 2092 conserant,

265 2147 436 2189 »memores
448 2147 496 2198 ca,
509 2145 585 2206 quae
597 2126 725 2195 habent,
738 2145 798 2186 non
811 2145 876 2188 csse
888 2147 957 2197 sua,
976 2128 1029 2188 sed
1042 2126 1095 2187 Dei
1108 2128 1203 2188 solius
1215 2128 1334 2208 propria
1344 2127 1407 2208 Ὗ

476 2335 496 2418 5
519 2335 546 2396 3.
589 2334 691 2396 Mutua
716 2334 864 2396 Sociorum
885 2334 1064 2396 adinvicem
1088 2334 1198 2395 relatio.

307 2542 491 2604 »Vinculum
521 2544 675 2604 societatis
705 2542 935 2605 Ecclesiasticae
963 2544 1058 2626 adigit
1082 2563 1186 2606 omncs
1207 2547 1237 2606 in
1260 2544 1410 2613 Ecclesia,

267 2648 354 2708 »sine
377 2649 438 2706 ulla
463 2648 671 2726 cuiuscunque
697 2650 875 2728 exceptione
897 2649 935 2709 ad
957 2659 1095 2710 mutuam
1117 2651 1244 2710 aliorum
1267 2669 1322 2729 pro
1344 2651 1410 2710 aliis

269 2751 526 2812 »sollicitudinem
549 2771 583 2812 ac
611 2771 730 2821 curam,
754 2773 843 2834 quam
865 2753 952 2813 nobis
975 2772 1080 2814 omnes
1101 2755 1244 2823 invicem,
1267 2764 1410 2834 tanquam

270 2856 383 2916 »unius
412 2855 547 2934 corporis
574 2855 726 2924 membra,
756 2855 916 2921 debemus,
944 2856 1062 2916 etiamsi
1084 2856 1142 2916 alia
1165 2856 1231 2916 aliis
1253 2857 1334 2916 inter
1356 2875 1410 2918 nos

270 2960 382 3038 »longe
410 2960 632 3038 praestantiora
659 2978 725 3019 csse
747 2978 808 3020 non
830 2959 1004 3020 dubitemus
1019 2960 1071 3034 ¹).”
1113 2959 1226 3020 Eadem
1249 2962 1343 3041 igitur
1364 2981 1410 3021 re·

269 3064 343 3123 latio
361 3064 442 3123 inter
460 3060 611 3121 Ecclesiae
631 3060 818 3135 Christianae
837 3062 932 3122 socios
954 3063 1144 3124 intercedere
1166 3063 1273 3133 debet,
1292 3065 1411 3144 qualem

271 3168 396 3247 genuini
415 3185 448 3226 ac
467 3166 544 3228 hono
563 3166 671 3226 morati
691 3165 800 3226 iratres
819 3167 899 3226 inter
911 3185 942 3226 sc
955 3168 1084 3228 invicem
1096 3169 1195 3228 colere
1208 3179 1298 3248 atque
1311 3168 1411 3228 obser·

272 3289 342 3334 vare
362 3272 469 3332 solent.
508 3269 606 3340 Quid?
626 3271 707 3350 quotl
726 3271 832 3332 intima
851 3271 980 3331 fratrum
1000 3273 1082 3332 inter
1100 3291 1164 3332 sese
1189 3273 1298 3334 relatio
1315 3275 1412 3334 laxior

273 3376 365 3435 etiam
381 3387 426 3436 est
443 3385 534 3453 atque
553 3375 700 3443 debilior,
719 3395 807 3453 quam
822 3385 855 3434 ut
867 3372 952 3436 Lasci
964 3376 1002 3434 de
1014 3373 1146 3436 Ecclesia
1158 3387 1289 3438 mentem
1302 3379 1339 3438 ad
1352 3380 1412 3459 ple·

273 3499 346 3538 num
355 3497 451 3558 usque
460 3477 631 3558 significare
640 3489 740 3557 posset
752 3489 842 3558 atque
855 3479 1032 3560 exprimere.
1045 3478 1193 3542 Nimirum
1202 3482 1260 3540 vim
1274 3483 1368 3562 ipsam
1379 3503 1412 3543 ac

274 3583 367 3644 robur
386 3581 612 3642 Ecclesiasticac
632 3582 784 3642 societatis
796 3601 850 3662 pro
862 3583 963 3643 indole
975 3602 1026 3642 sua
1040 3603 1073 3644 ac
1085 3593 1191 3644 natura
1205 3584 1236 3646 in
1248 3587 1413 3648 arctissima

317 3795 337 3858 8)
356 3797 442 3846 Forma
460 3811 489 3844 ac
506 3799 553 3844 rol.
571 3796 627 3844 min.
645 3796 720 3847 lond
738 3813 761 3862 p.
780 3797 836 3850 287.

317 3879 337 3940 ⁹)
355 3877 391 3928 lb.
410 3895 433 3943 p.
452 3879 507 3928 288.
526 3878 562 3927 cl.
584 3879 635 3927 cat.
653 3880 728 3928 Lond.
747 3881 802 3930 rnat'.
820 3896 843 3944 p.
862 3879 901 3932 76.
1004 3881 1034 3946 ¹⁰)
1056 3884 1106 3933 Cat.
1125 3884 1192 3936 End.
1210 3883 1266 3934 mai.
1283 3899 1322 3950 qu.
1340 3886 1381 3940 47.

306 3961 337 4023 ¹¹)
357 3962 443 4011 Forma
460 3976 490 4010 ac
507 3965 554 4010 rat.
573 3962 629 4010 min.
646 3963 721 4011 lond.
738 3977 762 4026 p.
782 3963 821 4011 86.
956 3965 986 4027 ¹²)
1006 3965 1042 4016 Ib.
1060 3983 1083 4030 p.
1102 3967 1158 4018 288.

307 4043 337 4104 ¹³)
356 4043 393 4092 lb.
413 4059 436 4106 p.
455 4045 478 4092 9.
504 4042 575 4108 Quod
594 4041 622 4090 dc
642 4045 758 4092 sociorum
778 4045 862 4109 officiis
879 4045 906 4094 in
926 4046 998 4096 Parte
1017 4048 1039 4098 Ι.
1060 4064 1108 4097 non
1125 4050 1228 4112 egimus,
1246 4050 1273 4100 in
1288 4050 1356 4099 Laaci
1373 4065 1415 4099 aa·

276 4129 326 4174 tom
345 4123 516 4186 Ecclesiologia
537 4123 709 4186 disputavimus
729 4125 843 4185 seorsim,
871 4126 959 4175 idcirco
984 4129 1019 4176 ita
1039 4129 1173 4178 iaciendum
1193 4131 1330 4193 videbatur,
1352 4133 1414 4196 quod

277 4209 327 4273 ipse
352 4206 366 4255 ia
391 4207 464 4254 Lasco
491 4205 570 4254 dedita
594 4221 664 4270 opera
686 4207 713 4255 dc
739 4207 771 4254 iis
791 4207 857 4270 agit,
881 4211 905 4256 et
924 4207 1006 4258 ordine
1033 4210 1153 4260 sociorum
1173 4227 1265 4278 quoque
1285 4213 1360 4262 officia
1381 4229 1416 4263 re-

277 4290 372 4340 censuit
397 4291 467 4352 atque
491 4288 652 4348 enumeravit,
680 4289 795 4338 Calvinus
820 4307 834 4338 e
854 4292 971 4342 contrario
991 4308 1018 4341 ea
1038 4295 1201 4358 praetermisit
1222 4295 1327 4346 silentio.
1362 4295 1416 4360 Quo

277 4371 331 4422 iure
355 4386 425 4438 porro
448 4369 569 4419 Ecclesiae
595 4370 757 4421 characterum
777 4389 789 4421 e
810 4377 889 4422 mente
909 4375 978 4424 Lasci
1001 4378 1028 4426 in
1052 4379 1176 4428 societatis
1194 4379 1290 4428 actione
1310 4379 1416 4445 positum

277 4471 327 4506 esse
345 4470 417 4520 supra
435 4453 573 4511 dixerimus,
591 4452 648 4501 haec
666 4470 759 4519 quoquc
777 4456 872 4518 egregio
888 4455 1017 4510 illustrant.

320 4539 339 4601 ¹)
357 4540 442 4589 Formo
459 4554 489 4588 cc
505 4543 552 4590 rol.
571 4539 626 4588 rain.
645 4539 719 4590 Load.
738 4555 760 4604 p.
779 4539 836 4590 275.
