<?xml version="1.0" encoding="UTF-8"?>
<!DOCTYPE html PUBLIC "-//W3C//DTD XHTML 1.0 Transitional//EN"
    "http://www.w3.org/TR/xhtml1/DTD/xhtml1-transitional.dtd">
<html xmlns="http://www.w3.org/1999/xhtml" xml:lang="en" lang="en">
 <head>
  <title>
</title>
<meta http-equiv="Content-Type" content="text/html;charset=utf-8" />
  <meta name='ocr-system' content='tesseract 3.04.00' />
  <meta name='ocr-capabilities' content='ocr_page ocr_carea ocr_par ocr_line ocrx_word'/>
</head>
<body>
  <div class='ocr_page' id='page_1' title='image "./disquisitiohist00kuypgoog_0149.png"; bbox 0 0 3240 5100; ppageno 0'>
   <div class='ocr_carea' id='block_1_1' title="bbox 745 296 805 358">
    <p class='ocr_par' dir='ltr' id='par_1_1' title="bbox 745 296 805 358">
     <span class='ocr_line' id='line_1_1' title="bbox 745 296 805 358; baseline 0 -1"><span class='ocrx_word' id='word_1_1' title='bbox 745 296 805 358; x_wconf 73' lang='lat' dir='ltr'><strong>lor</strong></span> 
     </span>
    </p>
   </div>
   <div class='ocr_carea' id='block_1_2' title="bbox 210 493 1432 3269">
    <p class='ocr_par' dir='ltr' id='par_1_2' title="bbox 210 493 1432 3269">
     <span class='ocr_line' id='line_1_2' title="bbox 212 493 1344 578; baseline 0.004 -21"><span class='ocrx_word' id='word_1_2' title='bbox 212 510 310 572; x_wconf 80' lang='lat' dir='ltr'><strong>»quoe</strong></span> <span class='ocrx_word' id='word_1_3' title='bbox 338 493 458 558; x_wconf 83' lang='lat' dir='ltr'><strong>vineam</strong></span> <span class='ocrx_word' id='word_1_4' title='bbox 487 503 570 557; x_wconf 88' lang='lat' dir='ltr'><strong>tuom</strong></span> <span class='ocrx_word' id='word_1_5' title='bbox 596 497 802 578; x_wconf 86' lang='lat' dir='ltr'><strong>depascuntur</strong></span> <span class='ocrx_word' id='word_1_6' title='bbox 829 505 861 557; x_wconf 87' lang='lat' dir='ltr'><strong>et</strong></span> <span class='ocrx_word' id='word_1_7' title='bbox 888 499 1074 558; x_wconf 88' lang='lat' dir='ltr'><strong>conculcant.</strong></span> <span class='ocrx_word' id='word_1_8' title='bbox 1123 498 1160 560; x_wconf 81' lang='lat' dir='ltr'><strong>Et</strong></span> <span class='ocrx_word' id='word_1_9' title='bbox 1187 500 1344 562; x_wconf 82' lang='lat' dir='ltr'><strong>extrudite</strong></span> 
     </span>
     <span class='ocr_line' id='line_1_3' title="bbox 211 598 1344 682; baseline 0.009 -28"><span class='ocrx_word' id='word_1_10' title='bbox 211 598 264 658; x_wconf 84' lang='lat' dir='ltr'><strong>»in</strong></span> <span class='ocrx_word' id='word_1_11' title='bbox 286 599 368 660; x_wconf 87' lang='lat' dir='ltr'><strong>illam</strong></span> <span class='ocrx_word' id='word_1_12' title='bbox 390 601 471 681; x_wconf 91' lang='lat' dir='ltr'><strong>pios,</strong></span> <span class='ocrx_word' id='word_1_13' title='bbox 493 599 597 662; x_wconf 89' lang='lat' dir='ltr'><strong>[ideles</strong></span> <span class='ocrx_word' id='word_1_14' title='bbox 619 621 653 663; x_wconf 90' lang='lat' dir='ltr'><strong>ac</strong></span> <span class='ocrx_word' id='word_1_15' title='bbox 675 603 837 682; x_wconf 78' lang='lat' dir='ltr'><strong>diligentes</strong></span> <span class='ocrx_word' id='word_1_16' title='bbox 859 601 1084 681; x_wconf 90' lang='lat' dir='ltr'><strong>operarios,...</strong></span> <span class='ocrx_word' id='word_1_17' title='bbox 1108 604 1159 682; x_wconf 88' lang='lat' dir='ltr'><strong>qui</strong></span> <span class='ocrx_word' id='word_1_18' title='bbox 1178 624 1240 666; x_wconf 91' lang='lat' dir='ltr'><strong>non</strong></span> <span class='ocrx_word' id='word_1_19' title='bbox 1259 623 1344 666; x_wconf 88' lang='lat' dir='ltr'><strong>suam</strong></span> 
     </span>
     <span class='ocr_line' id='line_1_4' title="bbox 211 701 1432 784; baseline 0.007 -24"><span class='ocrx_word' id='word_1_20' title='bbox 211 702 381 782; x_wconf 71' lang='lat' dir='ltr'><strong>»ipsorum</strong></span> <span class='ocrx_word' id='word_1_21' title='bbox 411 701 464 762; x_wconf 90' lang='lat' dir='ltr'><strong>sed</strong></span> <span class='ocrx_word' id='word_1_22' title='bbox 493 713 576 764; x_wconf 82' lang='lat' dir='ltr'><strong>tuam</strong></span> <span class='ocrx_word' id='word_1_23' title='bbox 603 705 695 764; x_wconf 92' lang='lat' dir='ltr'><strong>solius</strong></span> <span class='ocrx_word' id='word_1_24' title='bbox 724 713 872 782; x_wconf 84' lang='lat' dir='ltr'><strong>quaerant</strong></span> <span class='ocrx_word' id='word_1_25' title='bbox 901 704 1028 784; x_wconf 79' lang='lat' dir='ltr'>gloriam</span> <span class='ocrx_word' id='word_1_26' title='bbox 1050 714 1081 765; x_wconf 90' lang='lat' dir='ltr'><strong>et</strong></span> <span class='ocrx_word' id='word_1_27' title='bbox 1103 707 1250 767; x_wconf 77' lang='lat' dir='ltr'><strong>Ecclesiae</strong></span> <span class='ocrx_word' id='word_1_28' title='bbox 1274 717 1342 768; x_wconf 84' lang='lat' dir='ltr'><strong>tuae</strong></span> <span class='ocrx_word' id='word_1_29' title='bbox 1427 771 1432 781; x_wconf 71' lang='grc'>,</span> 
     </span>
     <span class='ocr_line' id='line_1_5' title="bbox 211 805 1344 883; baseline 0.004 -18"><span class='ocrx_word' id='word_1_30' title='bbox 211 805 476 868; x_wconf 72' lang='lat' dir='ltr'><strong>»aedificationem</strong></span> <span class='ocrx_word' id='word_1_31' title='bbox 488 807 518 883; x_wconf 76' lang='lat'><strong>³).</strong></span> <span class='ocrx_word' id='word_1_32' title='bbox 531 854 537 868; x_wconf 91' lang='lat'>.</span> <span class='ocrx_word' id='word_1_33' title='bbox 550 854 576 869; x_wconf 91' lang='lat'><strong>..</strong></span> <span class='ocrx_word' id='word_1_34' title='bbox 609 807 807 869; x_wconf 88' lang='lat' dir='ltr'><strong>Peculiaritcr</strong></span> <span class='ocrx_word' id='word_1_35' title='bbox 828 825 902 870; x_wconf 88' lang='lat' dir='ltr'><strong>vero</strong></span> <span class='ocrx_word' id='word_1_36' title='bbox 921 818 951 868; x_wconf 91' lang='lat' dir='ltr'><strong>te</strong></span> <span class='ocrx_word' id='word_1_37' title='bbox 971 827 1106 879; x_wconf 86' lang='lat' dir='ltr'><strong>oramus,</strong></span> <span class='ocrx_word' id='word_1_38' title='bbox 1135 809 1225 870; x_wconf 88' lang='lat' dir='ltr'><strong>Pater</strong></span> <span class='ocrx_word' id='word_1_39' title='bbox 1246 809 1344 870; x_wconf 86' lang='lat' dir='ltr'><strong>indul·</strong></span> 
     </span>
     <span class='ocr_line' id='line_1_6' title="bbox 210 910 1344 993; baseline 0.002 -21"><span class='ocrx_word' id='word_1_40' title='bbox 210 910 425 991; x_wconf 80' lang='lat' dir='ltr'><strong>»gentissime,</strong></span> <span class='ocrx_word' id='word_1_41' title='bbox 451 928 505 990; x_wconf 91' lang='lat' dir='ltr'><strong>pro</strong></span> <span class='ocrx_word' id='word_1_42' title='bbox 532 911 643 972; x_wconf 90' lang='lat' dir='ltr'><strong>nostris</strong></span> <span class='ocrx_word' id='word_1_43' title='bbox 664 911 713 971; x_wconf 85' lang='lat' dir='ltr'><strong>hic</strong></span> <span class='ocrx_word' id='word_1_44' title='bbox 734 910 968 992; x_wconf 82' lang='lat' dir='ltr'><strong>Peregrinorum</strong></span> <span class='ocrx_word' id='word_1_45' title='bbox 991 914 1145 983; x_wconf 88' lang='lat' dir='ltr'><strong>Ecclesiis,</strong></span> <span class='ocrx_word' id='word_1_46' title='bbox 1173 924 1220 983; x_wconf 90' lang='lat' dir='ltr'><strong>ut,</strong></span> <span class='ocrx_word' id='word_1_47' title='bbox 1242 933 1344 993; x_wconf 87' lang='lat' dir='ltr'><strong>quem·</strong></span> 
     </span>
     <span class='ocr_line' id='line_1_7' title="bbox 211 1013 1344 1093; baseline 0.003 -19"><span class='ocrx_word' id='word_1_48' title='bbox 211 1015 394 1076; x_wconf 74' lang='lat' dir='ltr'><strong>»admodum</strong></span> <span class='ocrx_word' id='word_1_49' title='bbox 426 1013 494 1074; x_wconf 91' lang='lat' dir='ltr'><strong>illas</strong></span> <span class='ocrx_word' id='word_1_50' title='bbox 522 1013 691 1075; x_wconf 76' lang='lat' dir='ltr'><strong>admirabili</strong></span> <span class='ocrx_word' id='word_1_51' title='bbox 721 1023 773 1074; x_wconf 88' lang='lat' dir='ltr'><strong>tua</strong></span> <span class='ocrx_word' id='word_1_52' title='bbox 801 1013 938 1075; x_wconf 88' lang='lat' dir='ltr'><strong>bonitate</strong></span> <span class='ocrx_word' id='word_1_53' title='bbox 966 1015 1103 1093; x_wconf 84' lang='lat' dir='ltr'><strong>plantare</strong></span> <span class='ocrx_word' id='word_1_54' title='bbox 1131 1017 1270 1086; x_wconf 91' lang='lat' dir='ltr'><strong>voluisti,</strong></span> <span class='ocrx_word' id='word_1_55' title='bbox 1302 1017 1344 1077; x_wconf 89' lang='lat' dir='ltr'><strong>ita</strong></span> 
     </span>
     <span class='ocr_line' id='line_1_8' title="bbox 211 1117 1344 1199; baseline 0.007 -27"><span class='ocrx_word' id='word_1_56' title='bbox 211 1135 284 1178; x_wconf 74' lang='lat' dir='ltr'><strong>sens</strong></span> <span class='ocrx_word' id='word_1_57' title='bbox 312 1117 415 1178; x_wconf 85' lang='lat' dir='ltr'><strong>lavore</strong></span> <span class='ocrx_word' id='word_1_58' title='bbox 445 1127 498 1178; x_wconf 91' lang='lat' dir='ltr'><strong>tuo</strong></span> <span class='ocrx_word' id='word_1_59' title='bbox 520 1117 661 1197; x_wconf 81' lang='lat' dir='ltr'><strong>prosequi</strong></span> <span class='ocrx_word' id='word_1_60' title='bbox 683 1117 824 1198; x_wconf 83' lang='lat' dir='ltr'><strong>deinceps</strong></span> <span class='ocrx_word' id='word_1_61' title='bbox 846 1118 937 1178; x_wconf 86' lang='lat' dir='ltr'><strong>etiam</strong></span> <span class='ocrx_word' id='word_1_62' title='bbox 960 1118 1049 1188; x_wconf 80' lang='lat' dir='ltr'><strong>velis3</strong></span> <span class='ocrx_word' id='word_1_63' title='bbox 1079 1128 1113 1178; x_wconf 89' lang='lat' dir='ltr'><strong>ut</strong></span> <span class='ocrx_word' id='word_1_64' title='bbox 1135 1118 1172 1180; x_wconf 88' lang='lat' dir='ltr'><strong>ab</strong></span> <span class='ocrx_word' id='word_1_65' title='bbox 1194 1121 1276 1180; x_wconf 91' lang='lat' dir='ltr'><strong>omni</strong></span> <span class='ocrx_word' id='word_1_66' title='bbox 1298 1129 1344 1199; x_wconf 83' lang='lat' dir='ltr'><strong>ty·</strong></span> 
     </span>
     <span class='ocr_line' id='line_1_9' title="bbox 211 1219 1344 1302; baseline 0.002 -20"><span class='ocrx_word' id='word_1_67' title='bbox 211 1220 360 1282; x_wconf 72' lang='lat' dir='ltr'><strong>»renuide</strong></span> <span class='ocrx_word' id='word_1_68' title='bbox 388 1220 495 1282; x_wconf 93' lang='lat' dir='ltr'><strong>mundi</strong></span> <span class='ocrx_word' id='word_1_69' title='bbox 523 1219 614 1282; x_wconf 89' lang='lat' dir='ltr'><strong>huius</strong></span> <span class='ocrx_word' id='word_1_70' title='bbox 639 1221 781 1302; x_wconf 80' lang='lat' dir='ltr'><strong>falsisque</strong></span> <span class='ocrx_word' id='word_1_71' title='bbox 804 1223 950 1282; x_wconf 74' lang='lat' dir='ltr'><strong>doctrinis</strong></span> <span class='ocrx_word' id='word_1_72' title='bbox 972 1223 1168 1285; x_wconf 90' lang='lat' dir='ltr'><strong>omnibus...</strong></span> <span class='ocrx_word' id='word_1_73' title='bbox 1190 1224 1344 1285; x_wconf 87' lang='lat' dir='ltr'><strong>vindicen-</strong></span> 
     </span>
     <span class='ocr_line' id='line_1_10' title="bbox 211 1323 1344 1405; baseline 0.002 -19"><span class='ocrx_word' id='word_1_74' title='bbox 211 1334 294 1386; x_wconf 78' lang='lat' dir='ltr'><strong>»tun</strong></span> <span class='ocrx_word' id='word_1_75' title='bbox 316 1323 515 1404; x_wconf 81' lang='lat' dir='ltr'><strong>Agnoscimus</strong></span> <span class='ocrx_word' id='word_1_76' title='bbox 527 1324 679 1386; x_wconf 85' lang='lat' dir='ltr'><strong>ineffabile</strong></span> <span class='ocrx_word' id='word_1_77' title='bbox 696 1335 782 1386; x_wconf 92' lang='lat' dir='ltr'><strong>tunm</strong></span> <span class='ocrx_word' id='word_1_78' title='bbox 797 1326 829 1385; x_wconf 91' lang='lat' dir='ltr'><strong>in</strong></span> <span class='ocrx_word' id='word_1_79' title='bbox 843 1326 903 1386; x_wconf 90' lang='lat' dir='ltr'><strong>illis</strong></span> <span class='ocrx_word' id='word_1_80' title='bbox 916 1326 1088 1405; x_wconf 81' lang='lat' dir='ltr'><strong>plantandis</strong></span> <span class='ocrx_word' id='word_1_81' title='bbox 1103 1326 1344 1397; x_wconf 85' lang='lat' dir='ltr'><strong>beneficium...,</strong></span> 
     </span>
     <span class='ocr_line' id='line_1_11' title="bbox 211 1415 1344 1511; baseline 0.005 -27"><span class='ocrx_word' id='word_1_82' title='bbox 211 1429 287 1490; x_wconf 81' lang='lat' dir='ltr'><strong>»sed</strong></span> <span class='ocrx_word' id='word_1_83' title='bbox 315 1428 442 1508; x_wconf 86' lang='lat' dir='ltr'><strong>quia...</strong></span> <span class='ocrx_word' id='word_1_84' title='bbox 473 1447 508 1488; x_wconf 85' lang='lat' dir='ltr'><strong>ea</strong></span> <span class='ocrx_word' id='word_1_85' title='bbox 537 1438 583 1488; x_wconf 90' lang='lat' dir='ltr'><strong>est</strong></span> <span class='ocrx_word' id='word_1_86' title='bbox 612 1439 749 1489; x_wconf 88' lang='lat' dir='ltr'><strong>nostrum</strong></span> <span class='ocrx_word' id='word_1_87' title='bbox 773 1429 908 1490; x_wconf 92' lang='lat' dir='ltr'><strong>omnium</strong></span> <span class='ocrx_word' id='word_1_88' title='bbox 930 1415 1117 1510; x_wconf 84' lang='lat' dir='ltr'><strong>corruptela,</strong></span> <span class='ocrx_word' id='word_1_89' title='bbox 1147 1441 1242 1491; x_wconf 88' lang='lat' dir='ltr'><strong>utne</strong></span> <span class='ocrx_word' id='word_1_90' title='bbox 1264 1431 1344 1511; x_wconf 82' lang='lat' dir='ltr'><strong>cogi·</strong></span> 
     </span>
     <span class='ocr_line' id='line_1_12' title="bbox 211 1531 1344 1614; baseline 0.003 -23"><span class='ocrx_word' id='word_1_91' title='bbox 211 1543 299 1593; x_wconf 74' lang='lat' dir='ltr'><strong>»tare</strong></span> <span class='ocrx_word' id='word_1_92' title='bbox 328 1531 450 1610; x_wconf 91' lang='lat' dir='ltr'><strong>quidem</strong></span> <span class='ocrx_word' id='word_1_93' title='bbox 472 1532 543 1593; x_wconf 91' lang='lat' dir='ltr'><strong>boni</strong></span> <span class='ocrx_word' id='word_1_94' title='bbox 566 1533 695 1612; x_wconf 89' lang='lat' dir='ltr'><strong>aliquid,</strong></span> <span class='ocrx_word' id='word_1_95' title='bbox 721 1533 835 1594; x_wconf 88' lang='lat' dir='ltr'><strong>nedum</strong></span> <span class='ocrx_word' id='word_1_96' title='bbox 856 1533 973 1593; x_wconf 78' lang='lat' dir='ltr'><strong>fructus</strong></span> <span class='ocrx_word' id='word_1_97' title='bbox 994 1534 1073 1593; x_wconf 91' lang='lat' dir='ltr'><strong>ullos</strong></span> <span class='ocrx_word' id='word_1_98' title='bbox 1095 1543 1125 1594; x_wconf 92' lang='lat' dir='ltr'><strong>tc</strong></span> <span class='ocrx_word' id='word_1_99' title='bbox 1146 1534 1255 1614; x_wconf 81' lang='lat' dir='ltr'><strong>dignos</strong></span> <span class='ocrx_word' id='word_1_100' title='bbox 1277 1552 1344 1614; x_wconf 83' lang='lat' dir='ltr'><strong>pro·</strong></span> 
     </span>
     <span class='ocr_line' id='line_1_13' title="bbox 212 1635 1344 1717; baseline 0.004 -23"><span class='ocrx_word' id='word_1_101' title='bbox 212 1635 314 1696; x_wconf 75' lang='lat' dir='ltr'><strong>»serre</strong></span> <span class='ocrx_word' id='word_1_102' title='bbox 340 1655 378 1696; x_wconf 87' lang='lat' dir='ltr'><strong>ex</strong></span> <span class='ocrx_word' id='word_1_103' title='bbox 403 1635 492 1696; x_wconf 89' lang='lat' dir='ltr'><strong>nobis</strong></span> <span class='ocrx_word' id='word_1_104' title='bbox 514 1636 569 1715; x_wconf 91' lang='lat' dir='ltr'><strong>ipsi</strong></span> <span class='ocrx_word' id='word_1_105' title='bbox 592 1636 754 1716; x_wconf 87' lang='lat' dir='ltr'><strong>possimus,</strong></span> <span class='ocrx_word' id='word_1_106' title='bbox 783 1637 934 1717; x_wconf 79' lang='lat' dir='ltr'><strong>supplices</strong></span> <span class='ocrx_word' id='word_1_107' title='bbox 956 1646 986 1696; x_wconf 91' lang='lat' dir='ltr'><strong>te</strong></span> <span class='ocrx_word' id='word_1_108' title='bbox 1009 1655 1182 1717; x_wconf 87' lang='lat' dir='ltr'><strong>precamur,</strong></span> <span class='ocrx_word' id='word_1_109' title='bbox 1211 1638 1344 1716; x_wconf 84' lang='lat' dir='ltr'><strong>omnipo·</strong></span> 
     </span>
     <span class='ocr_line' id='line_1_14' title="bbox 211 1738 1345 1826; baseline 0.006 -32"><span class='ocrx_word' id='word_1_110' title='bbox 211 1747 303 1800; x_wconf 67' lang='lat' dir='ltr'><strong>»tens</strong></span> <span class='ocrx_word' id='word_1_111' title='bbox 332 1738 436 1808; x_wconf 87' lang='lat' dir='ltr'><strong>Pater,</strong></span> <span class='ocrx_word' id='word_1_112' title='bbox 465 1749 499 1800; x_wconf 88' lang='lat' dir='ltr'><strong>ut</strong></span> <span class='ocrx_word' id='word_1_113' title='bbox 527 1739 591 1819; x_wconf 88' lang='lat' dir='ltr'><strong>ipse</strong></span> <span class='ocrx_word' id='word_1_114' title='bbox 620 1741 652 1800; x_wconf 93' lang='lat' dir='ltr'><strong>in</strong></span> <span class='ocrx_word' id='word_1_115' title='bbox 682 1739 769 1800; x_wconf 88' lang='lat' dir='ltr'><strong>nobis</strong></span> <span class='ocrx_word' id='word_1_116' title='bbox 798 1740 938 1826; x_wconf 88' lang='lat' dir='ltr'><strong>omnibus</strong></span> <span class='ocrx_word' id='word_1_117' title='bbox 965 1760 1019 1821; x_wconf 92' lang='lat' dir='ltr'><strong>per</strong></span> <span class='ocrx_word' id='word_1_118' title='bbox 1040 1739 1186 1821; x_wconf 84' lang='lat' dir='ltr'><strong>Spiritum</strong></span> <span class='ocrx_word' id='word_1_119' title='bbox 1207 1750 1345 1801; x_wconf 88' lang='lat' dir='ltr'><strong>sanctum</strong></span> 
     </span>
     <span class='ocr_line' id='line_1_15' title="bbox 212 1843 1345 1923; baseline 0.005 -25"><span class='ocrx_word' id='word_1_120' title='bbox 212 1853 339 1912; x_wconf 59' lang='lat' dir='ltr'><strong>nuum,</strong></span> <span class='ocrx_word' id='word_1_121' title='bbox 371 1843 488 1903; x_wconf 89' lang='lat' dir='ltr'><strong>lructus</strong></span> <span class='ocrx_word' id='word_1_122' title='bbox 521 1843 617 1903; x_wconf 92' lang='lat' dir='ltr'><strong>bonos</strong></span> <span class='ocrx_word' id='word_1_123' title='bbox 646 1843 816 1904; x_wconf 89' lang='lat' dir='ltr'><strong>admirabili</strong></span> <span class='ocrx_word' id='word_1_124' title='bbox 850 1853 902 1902; x_wconf 88' lang='lat' dir='ltr'><strong>tua</strong></span> <span class='ocrx_word' id='word_1_125' title='bbox 931 1844 1118 1923; x_wconf 87' lang='lat' dir='ltr'><strong>plantatione</strong></span> <span class='ocrx_word' id='word_1_126' title='bbox 1145 1844 1254 1923; x_wconf 84' lang='lat' dir='ltr'><strong>dignos</strong></span> <span class='ocrx_word' id='word_1_127' title='bbox 1279 1861 1345 1923; x_wconf 89' lang='lat' dir='ltr'><strong>pro·</strong></span> 
     </span>
     <span class='ocr_line' id='line_1_16' title="bbox 212 1945 1345 2027; baseline 0.005 -26"><span class='ocrx_word' id='word_1_128' title='bbox 212 1947 346 2007; x_wconf 71' lang='lat' dir='ltr'><strong>»ducere</strong></span> <span class='ocrx_word' id='word_1_129' title='bbox 378 1947 520 2026; x_wconf 83' lang='lat' dir='ltr'><strong>digneris.</strong></span> <span class='ocrx_word' id='word_1_130' title='bbox 573 1945 685 2027; x_wconf 88' lang='lat' dir='ltr'><strong>Nempe</strong></span> <span class='ocrx_word' id='word_1_131' title='bbox 718 1957 752 2007; x_wconf 92' lang='lat' dir='ltr'><strong>ut</strong></span> <span class='ocrx_word' id='word_1_132' title='bbox 781 1948 933 2026; x_wconf 80' lang='lat' dir='ltr'><strong>plantatae</strong></span> <span class='ocrx_word' id='word_1_133' title='bbox 962 1958 1082 2008; x_wconf 87' lang='lat' dir='ltr'><strong>nostrae</strong></span> <span class='ocrx_word' id='word_1_134' title='bbox 1113 1946 1163 2007; x_wconf 87' lang='lat' dir='ltr'><strong>bic</strong></span> <span class='ocrx_word' id='word_1_135' title='bbox 1195 1947 1345 2008; x_wconf 85' lang='lat' dir='ltr'><strong>Ecclesiae</strong></span> 
     </span>
     <span class='ocr_line' id='line_1_17' title="bbox 213 2049 1345 2130; baseline -0.001 -19"><span class='ocrx_word' id='word_1_136' title='bbox 213 2050 354 2111; x_wconf 77' lang='lat' dir='ltr'><strong>»assidua</strong></span> <span class='ocrx_word' id='word_1_137' title='bbox 379 2050 566 2110; x_wconf 88' lang='lat' dir='ltr'><strong>incrementa</strong></span> <span class='ocrx_word' id='word_1_138' title='bbox 595 2069 647 2109; x_wconf 88' lang='lat' dir='ltr'><strong>sua</strong></span> <span class='ocrx_word' id='word_1_139' title='bbox 676 2049 808 2110; x_wconf 86' lang='lat' dir='ltr'><strong>habeant</strong></span> <span class='ocrx_word' id='word_1_140' title='bbox 837 2051 869 2110; x_wconf 92' lang='lat' dir='ltr'><strong>in</strong></span> <span class='ocrx_word' id='word_1_141' title='bbox 898 2051 979 2111; x_wconf 93' lang='lat' dir='ltr'><strong>omni</strong></span> <span class='ocrx_word' id='word_1_142' title='bbox 1001 2051 1115 2130; x_wconf 82' lang='lat' dir='ltr'><strong>pietate</strong></span> <span class='ocrx_word' id='word_1_143' title='bbox 1137 2059 1168 2110; x_wconf 92' lang='lat' dir='ltr'><strong>et</strong></span> <span class='ocrx_word' id='word_1_144' title='bbox 1190 2070 1261 2111; x_wconf 90' lang='lat' dir='ltr'><strong>vera</strong></span> <span class='ocrx_word' id='word_1_145' title='bbox 1283 2051 1345 2111; x_wconf 91' lang='lat' dir='ltr'><strong>ani·</strong></span> 
     </span>
     <span class='ocr_line' id='line_1_18' title="bbox 213 2151 1345 2234; baseline 0.004 -25"><span class='ocrx_word' id='word_1_146' title='bbox 213 2173 353 2215; x_wconf 81' lang='lat' dir='ltr'><strong>»morum</strong></span> <span class='ocrx_word' id='word_1_147' title='bbox 381 2154 632 2234; x_wconf 60' lang='lat' dir='ltr'><strong>concordiar)...</strong></span> <span class='ocrx_word' id='word_1_148' title='bbox 675 2151 733 2213; x_wconf 91' lang='lat' dir='ltr'><strong>Pro</strong></span> <span class='ocrx_word' id='word_1_149' title='bbox 755 2153 894 2214; x_wconf 92' lang='lat' dir='ltr'><strong>omnibus</strong></span> <span class='ocrx_word' id='word_1_150' title='bbox 914 2155 1032 2234; x_wconf 91' lang='lat' dir='ltr'><strong>populis</strong></span> <span class='ocrx_word' id='word_1_151' title='bbox 1053 2163 1136 2214; x_wconf 88' lang='lat' dir='ltr'><strong>tuam</strong></span> <span class='ocrx_word' id='word_1_152' title='bbox 1158 2151 1345 2215; x_wconf 86' lang='lat' dir='ltr'><strong>Maiestatem</strong></span> 
     </span>
     <span class='ocr_line' id='line_1_19' title="bbox 213 2255 1345 2338; baseline 0.004 -26"><span class='ocrx_word' id='word_1_153' title='bbox 213 2259 384 2338; x_wconf 74' lang='lat' dir='ltr'><strong>»supplices</strong></span> <span class='ocrx_word' id='word_1_154' title='bbox 409 2275 582 2336; x_wconf 87' lang='lat' dir='ltr'><strong>precamur,</strong></span> <span class='ocrx_word' id='word_1_155' title='bbox 609 2257 660 2335; x_wconf 93' lang='lat' dir='ltr'><strong>qni</strong></span> <span class='ocrx_word' id='word_1_156' title='bbox 680 2261 791 2317; x_wconf 78' lang='lat' dir='ltr'><strong>&#39;vocem</strong></span> <span class='ocrx_word' id='word_1_157' title='bbox 820 2255 874 2317; x_wconf 89' lang='lat' dir='ltr'><strong>filii</strong></span> <span class='ocrx_word' id='word_1_158' title='bbox 905 2258 948 2317; x_wconf 92' lang='lat' dir='ltr'><strong>tui</strong></span> <span class='ocrx_word' id='word_1_159' title='bbox 975 2257 1075 2318; x_wconf 83' lang='lat' dir='ltr'><strong>adhuc</strong></span> <span class='ocrx_word' id='word_1_160' title='bbox 1096 2275 1156 2317; x_wconf 91' lang='lat' dir='ltr'><strong>non</strong></span> <span class='ocrx_word' id='word_1_161' title='bbox 1178 2266 1345 2336; x_wconf 87' lang='lat' dir='ltr'><strong>potuerunt</strong></span> 
     </span>
     <span class='ocr_line' id='line_1_20' title="bbox 213 2359 1352 2432; baseline 0.003 -16"><span class='ocrx_word' id='word_1_162' title='bbox 213 2362 415 2432; x_wconf 59' lang='lat' dir='ltr'><strong>crudire...</strong></span> <span class='ocrx_word' id='word_1_163' title='bbox 444 2371 478 2421; x_wconf 91' lang='lat' dir='ltr'><strong>ut</strong></span> <span class='ocrx_word' id='word_1_164' title='bbox 508 2380 559 2422; x_wconf 90' lang='lat' dir='ltr'><strong>eos</strong></span> <span class='ocrx_word' id='word_1_165' title='bbox 589 2379 693 2422; x_wconf 90' lang='lat' dir='ltr'><strong>omnes</strong></span> <span class='ocrx_word' id='word_1_166' title='bbox 723 2361 853 2428; x_wconf 83' lang='lat' dir='ltr'><strong>ubilibet</strong></span> <span class='ocrx_word' id='word_1_167' title='bbox 880 2361 1011 2421; x_wconf 88' lang='lat' dir='ltr'><strong>alios...</strong></span> <span class='ocrx_word' id='word_1_168' title='bbox 1041 2361 1079 2422; x_wconf 92' lang='lat' dir='ltr'><strong>ad</strong></span> <span class='ocrx_word' id='word_1_169' title='bbox 1104 2379 1206 2422; x_wconf 85' lang='lat' dir='ltr'><strong>veram</strong></span> <span class='ocrx_word' id='word_1_170' title='bbox 1230 2359 1284 2420; x_wconf 90' lang='lat' dir='ltr'><strong>filii</strong></span> <span class='ocrx_word' id='word_1_171' title='bbox 1306 2359 1352 2419; x_wconf 92' lang='lat' dir='ltr'><strong>tui</strong></span> 
     </span>
     <span class='ocr_line' id='line_1_21' title="bbox 213 2463 1352 2544; baseline -0.003 -19"><span class='ocrx_word' id='word_1_172' title='bbox 213 2467 333 2526; x_wconf 78' lang='lat' dir='ltr'><strong>»lucem</strong></span> <span class='ocrx_word' id='word_1_173' title='bbox 362 2467 527 2525; x_wconf 87' lang='lat' dir='ltr'><strong>clementer</strong></span> <span class='ocrx_word' id='word_1_174' title='bbox 554 2465 703 2524; x_wconf 87' lang='lat' dir='ltr'><strong>deducere</strong></span> <span class='ocrx_word' id='word_1_175' title='bbox 733 2464 884 2544; x_wconf 81' lang='lat' dir='ltr'><strong>digneris3</strong></span> <span class='ocrx_word' id='word_1_176' title='bbox 920 2475 955 2525; x_wconf 90' lang='lat' dir='ltr'><strong>ut</strong></span> <span class='ocrx_word' id='word_1_177' title='bbox 978 2483 1081 2525; x_wconf 90' lang='lat' dir='ltr'><strong>omnes</strong></span> <span class='ocrx_word' id='word_1_178' title='bbox 1104 2465 1251 2526; x_wconf 89' lang='lat' dir='ltr'><strong>inunum</strong></span> <span class='ocrx_word' id='word_1_179' title='bbox 1274 2463 1352 2523; x_wconf 84' lang='lat' dir='ltr'><strong>ovile</strong></span> 
     </span>
     <span class='ocr_line' id='line_1_22' title="bbox 214 2566 1352 2650; baseline 0.003 -26"><span class='ocrx_word' id='word_1_180' title='bbox 214 2570 330 2650; x_wconf 73' lang='lat' dir='ltr'><strong>»ipsius</strong></span> <span class='ocrx_word' id='word_1_181' title='bbox 351 2569 469 2630; x_wconf 88' lang='lat' dir='ltr'><strong>collecti</strong></span> <span class='ocrx_word' id='word_1_182' title='bbox 488 2587 542 2648; x_wconf 90' lang='lat' dir='ltr'><strong>per</strong></span> <span class='ocrx_word' id='word_1_183' title='bbox 560 2577 641 2629; x_wconf 88' lang='lat' dir='ltr'><strong>tuam</strong></span> <span class='ocrx_word' id='word_1_184' title='bbox 661 2569 825 2648; x_wconf 77' lang='lat' dir='ltr'><strong>gratuitam</strong></span> <span class='ocrx_word' id='word_1_185' title='bbox 844 2569 1082 2629; x_wconf 89' lang='lat' dir='ltr'><strong>misericordiam</strong></span> <span class='ocrx_word' id='word_1_186' title='bbox 1095 2578 1125 2630; x_wconf 91' lang='lat' dir='ltr'><strong>te</strong></span> <span class='ocrx_word' id='word_1_187' title='bbox 1138 2587 1243 2630; x_wconf 90' lang='lat' dir='ltr'><strong>verum</strong></span> <span class='ocrx_word' id='word_1_188' title='bbox 1256 2566 1352 2627; x_wconf 88' lang='lat' dir='ltr'><strong>Deum</strong></span> 
     </span>
     <span class='ocr_line' id='line_1_23' title="bbox 214 2671 1353 2752; baseline -0.003 -18"><span class='ocrx_word' id='word_1_189' title='bbox 214 2683 374 2734; x_wconf 73' lang='lat' dir='ltr'><strong>»nostrum</strong></span> <span class='ocrx_word' id='word_1_190' title='bbox 406 2671 530 2732; x_wconf 84' lang='lat' dir='ltr'><strong>laudare</strong></span> <span class='ocrx_word' id='word_1_191' title='bbox 563 2672 748 2732; x_wconf 88' lang='lat' dir='ltr'><strong>unanimiter</strong></span> <span class='ocrx_word' id='word_1_192' title='bbox 777 2671 893 2750; x_wconf 91' lang='lat' dir='ltr'><strong>tibique</strong></span> <span class='ocrx_word' id='word_1_193' title='bbox 922 2691 1022 2752; x_wconf 78' lang='lat' dir='ltr'><strong>genna</strong></span> <span class='ocrx_word' id='word_1_194' title='bbox 1050 2682 1153 2732; x_wconf 87' lang='lat' dir='ltr'><strong>nostra</strong></span> <span class='ocrx_word' id='word_1_195' title='bbox 1175 2671 1299 2732; x_wconf 76' lang='lat' dir='ltr'><strong>flectere</strong></span> <span class='ocrx_word' id='word_1_196' title='bbox 1321 2671 1353 2731; x_wconf 92' lang='lat' dir='ltr'><strong>in</strong></span> 
     </span>
     <span class='ocr_line' id='line_1_24' title="bbox 215 2772 1353 2856; baseline 0.003 -25"><span class='ocrx_word' id='word_1_197' title='bbox 215 2777 346 2837; x_wconf 75' lang='lat' dir='ltr'><strong>»codem</strong></span> <span class='ocrx_word' id='word_1_198' title='bbox 372 2777 437 2856; x_wconf 93' lang='lat' dir='ltr'><strong>ipso</strong></span> <span class='ocrx_word' id='word_1_199' title='bbox 463 2775 526 2835; x_wconf 84' lang='lat' dir='ltr'><strong>silio</strong></span> <span class='ocrx_word' id='word_1_200' title='bbox 549 2785 602 2834; x_wconf 90' lang='lat' dir='ltr'><strong>tuo</strong></span> <span class='ocrx_word' id='word_1_201' title='bbox 623 2775 737 2854; x_wconf 90' lang='lat' dir='ltr'><strong>pariter</strong></span> <span class='ocrx_word' id='word_1_202' title='bbox 759 2793 862 2835; x_wconf 89' lang='lat' dir='ltr'><strong>omnes</strong></span> <span class='ocrx_word' id='word_1_203' title='bbox 888 2776 1036 2854; x_wconf 91' lang='lat' dir='ltr'><strong>possimus</strong></span> <span class='ocrx_word' id='word_1_204' title='bbox 1048 2775 1127 2856; x_wconf 84' lang='lat'><strong>⁵)...</strong></span> <span class='ocrx_word' id='word_1_205' title='bbox 1155 2774 1279 2844; x_wconf 85' lang='lat' dir='ltr'><strong>Amen,”</strong></span> <span class='ocrx_word' id='word_1_206' title='bbox 1321 2772 1353 2834; x_wconf 90' lang='lat' dir='ltr'><strong>Si</strong></span> 
     </span>
     <span class='ocr_line' id='line_1_25' title="bbox 215 2875 1353 2958; baseline -0.004 -18"><span class='ocrx_word' id='word_1_207' title='bbox 215 2881 329 2940; x_wconf 88' lang='lat' dir='ltr'><strong>militer</strong></span> <span class='ocrx_word' id='word_1_208' title='bbox 346 2879 478 2958; x_wconf 91' lang='lat' dir='ltr'><strong>denique</strong></span> <span class='ocrx_word' id='word_1_209' title='bbox 495 2899 511 2939; x_wconf 84' lang='lat' dir='ltr'><strong>a</strong></span> <span class='ocrx_word' id='word_1_210' title='bbox 530 2877 650 2938; x_wconf 84' lang='lat' dir='ltr'><strong>Christo</strong></span> <span class='ocrx_word' id='word_1_211' title='bbox 669 2879 757 2938; x_wconf 84' lang='lat' dir='ltr'><strong>enixe</strong></span> <span class='ocrx_word' id='word_1_212' title='bbox 776 2878 971 2958; x_wconf 88' lang='lat' dir='ltr'><strong>deprecatur,</strong></span> <span class='ocrx_word' id='word_1_213' title='bbox 1005 2888 1061 2938; x_wconf 78' lang='lat' dir='ltr'><strong>»ut</strong></span> <span class='ocrx_word' id='word_1_214' title='bbox 1083 2896 1138 2939; x_wconf 89' lang='lat' dir='ltr'><strong>nos</strong></span> <span class='ocrx_word' id='word_1_215' title='bbox 1164 2897 1268 2939; x_wconf 91' lang='lat' dir='ltr'><strong>omnes</strong></span> <span class='ocrx_word' id='word_1_216' title='bbox 1290 2875 1353 2956; x_wconf 86' lang='lat' dir='ltr'><strong>Spi-</strong></span> 
     </span>
     <span class='ocr_line' id='line_1_26' title="bbox 218 2980 1353 3059; baseline 0.001 -21"><span class='ocrx_word' id='word_1_217' title='bbox 218 2984 318 3044; x_wconf 78' lang='lat' dir='ltr'><strong>»ritus</strong></span> <span class='ocrx_word' id='word_1_218' title='bbox 336 2984 382 3046; x_wconf 89' lang='lat' dir='ltr'><strong>sui</strong></span> <span class='ocrx_word' id='word_1_219' title='bbox 406 2983 526 3044; x_wconf 87' lang='lat' dir='ltr'><strong>vinculo</strong></span> <span class='ocrx_word' id='word_1_220' title='bbox 547 2982 715 3050; x_wconf 89' lang='lat' dir='ltr'><strong>consociet,</strong></span> <span class='ocrx_word' id='word_1_221' title='bbox 745 2990 778 3041; x_wconf 88' lang='lat' dir='ltr'><strong>ut</strong></span> <span class='ocrx_word' id='word_1_222' title='bbox 801 2981 917 3042; x_wconf 87' lang='lat' dir='ltr'><strong>omissis</strong></span> <span class='ocrx_word' id='word_1_223' title='bbox 939 2983 1051 3042; x_wconf 90' lang='lat' dir='ltr'><strong>nostris</strong></span> <span class='ocrx_word' id='word_1_224' title='bbox 1074 2980 1248 3050; x_wconf 59' lang='lat' dir='ltr'><strong>affectibus</strong></span> <span class='ocrx_word' id='word_1_225' title='bbox 1274 2988 1353 3059; x_wconf 89' lang='lat' dir='ltr'><strong>post·</strong></span> 
     </span>
     <span class='ocr_line' id='line_1_27' title="bbox 218 3082 1354 3165; baseline -0.004 -17"><span class='ocrx_word' id='word_1_226' title='bbox 218 3085 404 3164; x_wconf 78' lang='lat' dir='ltr'><strong>»bobitaque</strong></span> <span class='ocrx_word' id='word_1_227' title='bbox 429 3096 533 3148; x_wconf 85' lang='lat' dir='ltr'><strong>nostra</strong></span> <span class='ocrx_word' id='word_1_228' title='bbox 559 3086 671 3165; x_wconf 76' lang='lat' dir='ltr'><strong>gloria,</strong></span> <span class='ocrx_word' id='word_1_229' title='bbox 703 3083 790 3144; x_wconf 91' lang='lat' dir='ltr'><strong>Illum</strong></span> <span class='ocrx_word' id='word_1_230' title='bbox 826 3085 924 3144; x_wconf 88' lang='lat' dir='ltr'><strong>solum</strong></span> <span class='ocrx_word' id='word_1_231' title='bbox 950 3085 1152 3154; x_wconf 87' lang='lat' dir='ltr'><strong>unanimiter,</strong></span> <span class='ocrx_word' id='word_1_232' title='bbox 1184 3082 1354 3145; x_wconf 85' lang='lat' dir='ltr'><strong>coniunctis</strong></span> 
     </span>
     <span class='ocr_line' id='line_1_28' title="bbox 219 3187 1016 3269; baseline 0.005 -25"><span class='ocrx_word' id='word_1_233' title='bbox 219 3189 330 3250; x_wconf 76' lang='lat' dir='ltr'><strong>»simul</strong></span> <span class='ocrx_word' id='word_1_234' title='bbox 352 3190 430 3252; x_wconf 88' lang='lat' dir='ltr'><strong>votis</strong></span> <span class='ocrx_word' id='word_1_235' title='bbox 452 3188 564 3252; x_wconf 87' lang='lat' dir='ltr'><strong>nostris</strong></span> <span class='ocrx_word' id='word_1_236' title='bbox 584 3187 726 3250; x_wconf 89' lang='lat' dir='ltr'><strong>omnibus</strong></span> <span class='ocrx_word' id='word_1_237' title='bbox 748 3188 954 3250; x_wconf 88' lang='lat' dir='ltr'><strong>collaudemus</strong></span> <span class='ocrx_word' id='word_1_238' title='bbox 965 3188 1016 3269; x_wconf 66' lang='grc' dir='ltr'><strong>ο).”</strong></span> 
     </span>
    </p>
   </div>
   <div class='ocr_carea' id='block_1_3' title="bbox 569 3601 1008 3666">
    <p class='ocr_par' dir='ltr' id='par_1_3' title="bbox 569 3601 1008 3666">
     <span class='ocr_line' id='line_1_29' title="bbox 569 3601 1008 3666; baseline -0.002 -2"><span class='ocrx_word' id='word_1_239' title='bbox 569 3601 781 3666; x_wconf 80' lang='lat' dir='ltr'>CONGLUSIO</span> <span class='ocrx_word' id='word_1_240' title='bbox 802 3601 951 3664; x_wconf 85' lang='lat' dir='ltr'><strong>CAPlTlS</strong></span> <span class='ocrx_word' id='word_1_241' title='bbox 973 3602 1008 3663; x_wconf 92' lang='lat' dir='ltr'><strong>ll.</strong></span> 
     </span>
    </p>
   </div>
   <div class='ocr_carea' id='block_1_4' title="bbox 214 3806 1356 4098">
    <p class='ocr_par' dir='ltr' id='par_1_4' title="bbox 214 3806 1356 4098">
     <span class='ocr_line' id='line_1_30' title="bbox 259 3806 1355 3890; baseline -0.006 -18"><span class='ocrx_word' id='word_1_242' title='bbox 259 3808 379 3872; x_wconf 80' lang='lat' dir='ltr'><strong>Praeter</strong></span> <span class='ocrx_word' id='word_1_243' title='bbox 407 3827 484 3880; x_wconf 88' lang='lat' dir='ltr'><strong>com,</strong></span> <span class='ocrx_word' id='word_1_244' title='bbox 513 3827 585 3890; x_wconf 82' lang='lat' dir='ltr'><strong>poce</strong></span> <span class='ocrx_word' id='word_1_245' title='bbox 613 3809 645 3870; x_wconf 83' lang='lat' dir='ltr'><strong>in</strong></span> <span class='ocrx_word' id='word_1_246' title='bbox 672 3809 778 3870; x_wconf 80' lang='lat' dir='ltr'><strong>mando</strong></span> <span class='ocrx_word' id='word_1_247' title='bbox 806 3809 889 3869; x_wconf 83' lang='lat' dir='ltr'><strong>obuia</strong></span> <span class='ocrx_word' id='word_1_248' title='bbox 917 3808 1008 3869; x_wconf 80' lang='lat' dir='ltr'><strong>oculis</strong></span> <span class='ocrx_word' id='word_1_249' title='bbox 1037 3806 1265 3886; x_wconf 81' lang='lat' dir='ltr'><strong>conspiciendam</strong></span> <span class='ocrx_word' id='word_1_250' title='bbox 1296 3823 1355 3867; x_wconf 80' lang='lat' dir='ltr'><strong>sese</strong></span> 
     </span>
     <span class='ocr_line' id='line_1_31' title="bbox 214 3908 1356 3994; baseline -0.004 -20"><span class='ocrx_word' id='word_1_251' title='bbox 214 3915 347 3994; x_wconf 80' lang='lat' dir='ltr'><strong>praebet,</strong></span> <span class='ocrx_word' id='word_1_252' title='bbox 379 3915 492 3976; x_wconf 85' lang='lat' dir='ltr'><strong>nnllam</strong></span> <span class='ocrx_word' id='word_1_253' title='bbox 520 3914 612 3974; x_wconf 83' lang='lat' dir='ltr'><strong>oliam</strong></span> <span class='ocrx_word' id='word_1_254' title='bbox 641 3911 803 3973; x_wconf 83' lang='lat' dir='ltr'><strong>Ecclesiam</strong></span> <span class='ocrx_word' id='word_1_255' title='bbox 831 3912 957 3991; x_wconf 80' lang='lat' dir='ltr'><strong>copitcrc</strong></span> <span class='ocrx_word' id='word_1_256' title='bbox 984 3911 1034 3989; x_wconf 78' lang='lat' dir='ltr'><strong>[as</strong></span> <span class='ocrx_word' id='word_1_257' title='bbox 1064 3917 1113 3971; x_wconf 85' lang='lat' dir='ltr'><strong>cst.</strong></span> <span class='ocrx_word' id='word_1_258' title='bbox 1156 3908 1234 3969; x_wconf 84' lang='lat' dir='ltr'><strong>Hocr</strong></span> <span class='ocrx_word' id='word_1_259' title='bbox 1260 3916 1356 3971; x_wconf 76' lang='lat' dir='ltr'><strong>caton</strong></span> 
     </span>
     <span class='ocr_line' id='line_1_32' title="bbox 218 4012 1356 4098; baseline -0.005 -20"><span class='ocrx_word' id='word_1_260' title='bbox 218 4016 350 4078; x_wconf 83' lang='lat' dir='ltr'><strong>Ecclesia</strong></span> <span class='ocrx_word' id='word_1_261' title='bbox 379 4018 507 4098; x_wconf 74' lang='lat' dir='ltr'><strong>filiorum</strong></span> <span class='ocrx_word' id='word_1_262' title='bbox 535 4015 588 4078; x_wconf 83' lang='lat' dir='ltr'><strong>Dei</strong></span> <span class='ocrx_word' id='word_1_263' title='bbox 617 4014 786 4076; x_wconf 82' lang='lat' dir='ltr'><strong>societas</strong></span> <span class='ocrx_word' id='word_1_264' title='bbox 813 4021 855 4076; x_wconf 84' lang='lat' dir='ltr'><strong>ost</strong></span> <span class='ocrx_word' id='word_1_265' title='bbox 881 4014 973 4076; x_wconf 80' lang='lat' dir='ltr'><strong>libera</strong></span> <span class='ocrx_word' id='word_1_266' title='bbox 994 4020 1077 4094; x_wconf 77' lang='lat' dir='ltr'><strong>atquc</strong></span> <span class='ocrx_word' id='word_1_267' title='bbox 1098 4012 1246 4090; x_wconf 79' lang='lat' dir='ltr'><strong>fraterno,</strong></span> <span class='ocrx_word' id='word_1_268' title='bbox 1275 4012 1356 4074; x_wconf 82' lang='lat' dir='ltr'><strong>cuias</strong></span> 
     </span>
    </p>
   </div>
   <div class='ocr_carea' id='block_1_5' title="bbox 210 4297 1356 4612">
    <p class='ocr_par' dir='ltr' id='par_1_5' title="bbox 210 4297 1356 4612">
     <span class='ocr_line' id='line_1_33' title="bbox 257 4297 1355 4366; baseline -0.005 -14"><span class='ocrx_word' id='word_1_269' title='bbox 257 4302 277 4366; x_wconf 79' lang='lat'><strong>³)</strong></span> <span class='ocrx_word' id='word_1_270' title='bbox 300 4303 386 4352; x_wconf 81' lang='lat' dir='ltr'><strong>Forma</strong></span> <span class='ocrx_word' id='word_1_271' title='bbox 403 4317 432 4351; x_wconf 86' lang='lat' dir='ltr'><strong>ac</strong></span> <span class='ocrx_word' id='word_1_272' title='bbox 448 4305 495 4351; x_wconf 79' lang='lat' dir='ltr'><strong>rai.</strong></span> <span class='ocrx_word' id='word_1_273' title='bbox 512 4301 568 4353; x_wconf 78' lang='lat' dir='ltr'><strong>min.</strong></span> <span class='ocrx_word' id='word_1_274' title='bbox 586 4302 664 4353; x_wconf 81' lang='lat' dir='ltr'><strong>Lond.</strong></span> <span class='ocrx_word' id='word_1_275' title='bbox 682 4318 705 4366; x_wconf 92' lang='lat' dir='ltr'><strong>p.</strong></span> <span class='ocrx_word' id='word_1_276' title='bbox 724 4301 764 4356; x_wconf 80' lang='lat'><strong>74.</strong></span> <span class='ocrx_word' id='word_1_277' title='bbox 865 4299 885 4363; x_wconf 80' lang='lat'><strong>⁴)</strong></span> <span class='ocrx_word' id='word_1_278' title='bbox 904 4299 941 4351; x_wconf 92' lang='lat' dir='ltr'><strong>Ib.</strong></span> <span class='ocrx_word' id='word_1_279' title='bbox 958 4315 981 4364; x_wconf 87' lang='lat' dir='ltr'><strong>p.</strong></span> <span class='ocrx_word' id='word_1_280' title='bbox 1001 4299 1040 4354; x_wconf 81' lang='lat'><strong>76.</strong></span> <span class='ocrx_word' id='word_1_281' title='bbox 1142 4297 1161 4362; x_wconf 73' lang='grc'><strong>5)</strong></span> <span class='ocrx_word' id='word_1_282' title='bbox 1174 4297 1211 4350; x_wconf 90' lang='lat' dir='ltr'><strong>Ib.</strong></span> <span class='ocrx_word' id='word_1_283' title='bbox 1223 4313 1247 4363; x_wconf 89' lang='lat' dir='ltr'><strong>p.</strong></span> <span class='ocrx_word' id='word_1_284' title='bbox 1259 4297 1355 4358; x_wconf 78' lang='grc'><strong>78,79.</strong></span> 
     </span>
     <span class='ocr_line' id='line_1_34' title="bbox 257 4379 1354 4447; baseline -0.005 -13"><span class='ocrx_word' id='word_1_285' title='bbox 257 4385 278 4447; x_wconf 85' lang='lat'><strong>⁶)</strong></span> <span class='ocrx_word' id='word_1_286' title='bbox 299 4385 376 4434; x_wconf 66' lang='lat' dir='ltr'><strong>tract.</strong></span> <span class='ocrx_word' id='word_1_287' title='bbox 394 4383 545 4432; x_wconf 67' lang='lat' dir='ltr'><strong>dediceram.</strong></span> <span class='ocrx_word' id='word_1_288' title='bbox 562 4398 586 4446; x_wconf 91' lang='lat' dir='ltr'><strong>p.</strong></span> <span class='ocrx_word' id='word_1_289' title='bbox 606 4383 676 4432; x_wconf 74' lang='lat' dir='ltr'><strong>ltlt.</strong></span> <span class='ocrx_word' id='word_1_290' title='bbox 696 4380 733 4432; x_wconf 81' lang='lat' dir='ltr'><strong>cf.</strong></span> <span class='ocrx_word' id='word_1_291' title='bbox 751 4380 784 4431; x_wconf 92' lang='lat' dir='ltr'><strong>ib.</strong></span> <span class='ocrx_word' id='word_1_292' title='bbox 803 4380 860 4432; x_wconf 80' lang='lat'>129.</span> <span class='ocrx_word' id='word_1_293' title='bbox 880 4385 933 4431; x_wconf 85' lang='lat' dir='ltr'><strong>Cat.</strong></span> <span class='ocrx_word' id='word_1_294' title='bbox 951 4381 1026 4431; x_wconf 78' lang='lat' dir='ltr'><strong>Locd.</strong></span> <span class='ocrx_word' id='word_1_295' title='bbox 1044 4380 1099 4432; x_wconf 83' lang='lat' dir='ltr'><strong>mci.</strong></span> <span class='ocrx_word' id='word_1_296' title='bbox 1121 4395 1144 4444; x_wconf 92' lang='lat' dir='ltr'><strong>p.</strong></span> <span class='ocrx_word' id='word_1_297' title='bbox 1163 4379 1203 4438; x_wconf 77' lang='grc'><strong>27,</strong></span> <span class='ocrx_word' id='word_1_298' title='bbox 1221 4379 1261 4432; x_wconf 80' lang='grc'><strong>73.</strong></span> <span class='ocrx_word' id='word_1_299' title='bbox 1287 4379 1354 4444; x_wconf 76' lang='lat' dir='ltr'><strong>Cous.</strong></span> 
     </span>
     <span class='ocr_line' id='line_1_35' title="bbox 210 4459 1356 4531; baseline -0.007 -14"><span class='ocrx_word' id='word_1_300' title='bbox 210 4466 275 4531; x_wconf 76' lang='lat' dir='ltr'><strong>fidei</strong></span> <span class='ocrx_word' id='word_1_301' title='bbox 293 4481 317 4530; x_wconf 86' lang='lat' dir='ltr'><strong>p.</strong></span> <span class='ocrx_word' id='word_1_302' title='bbox 338 4466 378 4516; x_wconf 86' lang='lat'><strong>18.</strong></span> <span class='ocrx_word' id='word_1_303' title='bbox 398 4467 533 4527; x_wconf 68' lang='lat' dir='ltr'><strong>(nornen.</strong></span> <span class='ocrx_word' id='word_1_304' title='bbox 550 4481 574 4529; x_wconf 87' lang='lat' dir='ltr'><strong>p.</strong></span> <span class='ocrx_word' id='word_1_305' title='bbox 593 4464 669 4526; x_wconf 74' lang='lat' dir='ltr'><strong>cot).</strong></span> <span class='ocrx_word' id='word_1_306' title='bbox 689 4465 736 4529; x_wconf 78' lang='lat' dir='ltr'><strong>Ep.</strong></span> <span class='ocrx_word' id='word_1_307' title='bbox 753 4462 832 4513; x_wconf 80' lang='lat' dir='ltr'><strong>dedic.</strong></span> <span class='ocrx_word' id='word_1_308' title='bbox 849 4462 876 4512; x_wconf 86' lang='lat' dir='ltr'><strong>iu</strong></span> <span class='ocrx_word' id='word_1_309' title='bbox 891 4463 978 4512; x_wconf 80' lang='lat' dir='ltr'><strong>Forma</strong></span> <span class='ocrx_word' id='word_1_310' title='bbox 994 4477 1024 4511; x_wconf 84' lang='lat' dir='ltr'><strong>ac</strong></span> <span class='ocrx_word' id='word_1_311' title='bbox 1039 4465 1088 4510; x_wconf 80' lang='lat' dir='ltr'><strong>rot.</strong></span> <span class='ocrx_word' id='word_1_312' title='bbox 1105 4461 1160 4510; x_wconf 78' lang='lat' dir='ltr'><strong>min.</strong></span> <span class='ocrx_word' id='word_1_313' title='bbox 1177 4461 1252 4518; x_wconf 65' lang='lat' dir='ltr'><strong>bord</strong></span> <span class='ocrx_word' id='word_1_314' title='bbox 1269 4475 1294 4524; x_wconf 85' lang='lat' dir='ltr'><strong>p.</strong></span> <span class='ocrx_word' id='word_1_315' title='bbox 1311 4459 1356 4520; x_wconf 82' lang='grc'><strong>79,</strong></span> 
     </span>
     <span class='ocr_line' id='line_1_36' title="bbox 217 4538 1356 4612; baseline -0.004 -16"><span class='ocrx_word' id='word_1_316' title='bbox 217 4546 298 4612; x_wconf 84' lang='lat' dir='ltr'><strong>operis</strong></span> <span class='ocrx_word' id='word_1_317' title='bbox 314 4561 339 4610; x_wconf 91' lang='lat' dir='ltr'><strong>p.</strong></span> <span class='ocrx_word' id='word_1_318' title='bbox 346 4549 380 4598; x_wconf 83' lang='grc'><strong>48</strong></span> <span class='ocrx_word' id='word_1_319' title='bbox 384 4583 393 4609; x_wconf 84' lang='grc'><strong><em>,</em></strong></span> <span class='ocrx_word' id='word_1_320' title='bbox 404 4547 462 4603; x_wconf 75' lang='lat'>175.</span> <span class='ocrx_word' id='word_1_321' title='bbox 483 4547 561 4598; x_wconf 75' lang='lat' dir='ltr'><strong>Series</strong></span> <span class='ocrx_word' id='word_1_322' title='bbox 573 4547 626 4598; x_wconf 86' lang='lat' dir='ltr'><strong>coll.</strong></span> <span class='ocrx_word' id='word_1_323' title='bbox 638 4560 698 4596; x_wconf 84' lang='lat' dir='ltr'><strong>cum.</strong></span> <span class='ocrx_word' id='word_1_324' title='bbox 710 4556 830 4596; x_wconf 75' lang='lat' dir='ltr'><strong>susurro.</strong></span> <span class='ocrx_word' id='word_1_325' title='bbox 846 4545 974 4608; x_wconf 72' lang='lat' dir='ltr'><strong>(Murum.</strong></span> <span class='ocrx_word' id='word_1_326' title='bbox 991 4538 1356 4608; x_wconf 70' lang='lat' dir='ltr'><strong>Oortfr.Kerlpcrct.1.628,).</strong></span> 
     </span>
    </p>
   </div>
   <div class='ocr_carea' id='block_1_6' title="bbox 0 0 1629 5100">
    <p class='ocr_par' dir='ltr' id='par_1_6' title="bbox 0 0 1629 5100">
     <span class='ocr_line' id='line_1_37' title="bbox 0 0 1629 5100; baseline 0 0"><span class='ocrx_word' id='word_1_327' title='bbox 0 0 1629 5100; x_wconf 95' lang='lat' dir='ltr'><strong> </strong></span> 
     </span>
    </p>
   </div>
  </div>
 </body>
</html>
