<?xml version="1.0" encoding="UTF-8"?>
<!DOCTYPE html PUBLIC "-//W3C//DTD XHTML 1.0 Transitional//EN"
    "http://www.w3.org/TR/xhtml1/DTD/xhtml1-transitional.dtd">
<html xmlns="http://www.w3.org/1999/xhtml" xml:lang="en" lang="en">
 <head>
  <title>
</title>
<meta http-equiv="Content-Type" content="text/html;charset=utf-8" />
  <meta name='ocr-system' content='tesseract 3.04.00' />
  <meta name='ocr-capabilities' content='ocr_page ocr_carea ocr_par ocr_line ocrx_word'/>
</head>
<body>
  <div class='ocr_page' id='page_1' title='image "./disquisitiohist00kuypgoog_0022.png"; bbox 0 0 3228 5102; ppageno 0'>
   <div class='ocr_carea' id='block_1_1' title="bbox 247 327 277 370">
    <p class='ocr_par' dir='ltr' id='par_1_1' title="bbox 247 327 277 370">
     <span class='ocr_line' id='line_1_1' title="bbox 247 327 277 370; baseline -0.067 0"><span class='ocrx_word' id='word_1_1' title='bbox 247 327 277 370; x_wconf 68' lang='lat' dir='ltr'><strong>IV</strong></span> 
     </span>
    </p>
   </div>
   <div class='ocr_carea' id='block_1_2' title="bbox 214 505 1416 3381">
    <p class='ocr_par' dir='ltr' id='par_1_2' title="bbox 214 505 1416 3381">
     <span class='ocr_line' id='line_1_2' title="bbox 246 505 1385 591; baseline -0.004 -19"><span class='ocrx_word' id='word_1_2' title='bbox 246 509 372 579; x_wconf 86' lang='lat' dir='ltr'><strong>debeat,</strong></span> <span class='ocrx_word' id='word_1_3' title='bbox 397 528 436 570; x_wconf 88' lang='lat' dir='ltr'><strong>an</strong></span> <span class='ocrx_word' id='word_1_4' title='bbox 450 509 551 582; x_wconf 79' lang='lat' dir='ltr'><strong>raro,</strong></span> <span class='ocrx_word' id='word_1_5' title='bbox 579 511 661 591; x_wconf 88' lang='lat' dir='ltr'><strong>quod</strong></span> <span class='ocrx_word' id='word_1_6' title='bbox 680 528 757 572; x_wconf 79' lang='lat' dir='ltr'><strong>erun</strong></span> <span class='ocrx_word' id='word_1_7' title='bbox 778 509 888 571; x_wconf 83' lang='lat' dir='ltr'><strong>fiducia</strong></span> <span class='ocrx_word' id='word_1_8' title='bbox 910 505 1059 571; x_wconf 85' lang='lat' dir='ltr'><strong>affirmare</strong></span> <span class='ocrx_word' id='word_1_9' title='bbox 1081 509 1194 579; x_wconf 60' lang='lat' dir='ltr'><strong>ausim</strong></span> <span class='ocrx_word' id='word_1_10' title='bbox 1214 515 1313 570; x_wconf 77' lang='lat' dir='ltr'><strong>novus</strong></span> <span class='ocrx_word' id='word_1_11' title='bbox 1333 507 1385 570; x_wconf 87' lang='lat' dir='ltr'><strong>ilie</strong></span> 
     </span>
     <span class='ocr_line' id='line_1_3' title="bbox 246 609 1385 693; baseline 0 -19"><span class='ocrx_word' id='word_1_12' title='bbox 246 613 449 693; x_wconf 68' lang='lat' dir='ltr'><strong>organismus,</strong></span> <span class='ocrx_word' id='word_1_13' title='bbox 471 612 523 691; x_wconf 87' lang='lat' dir='ltr'><strong>qui</strong></span> <span class='ocrx_word' id='word_1_14' title='bbox 545 631 635 674; x_wconf 78' lang='lat' dir='ltr'><strong>eumu</strong></span> <span class='ocrx_word' id='word_1_15' title='bbox 657 613 802 693; x_wconf 84' lang='lat' dir='ltr'><strong>temporis</strong></span> <span class='ocrx_word' id='word_1_16' title='bbox 825 621 934 692; x_wconf 91' lang='lat' dir='ltr'><strong>sponte</strong></span> <span class='ocrx_word' id='word_1_17' title='bbox 954 631 1007 674; x_wconf 86' lang='lat' dir='ltr'><strong>sua</strong></span> <span class='ocrx_word' id='word_1_18' title='bbox 1029 631 1067 674; x_wconf 85' lang='lat' dir='ltr'><strong>ex</strong></span> <span class='ocrx_word' id='word_1_19' title='bbox 1085 612 1233 674; x_wconf 85' lang='lat' dir='ltr'><strong>hodierna</strong></span> <span class='ocrx_word' id='word_1_20' title='bbox 1251 609 1385 674; x_wconf 79' lang='lat' dir='ltr'><strong>Ecclesia</strong></span> 
     </span>
     <span class='ocr_line' id='line_1_4' title="bbox 245 715 1386 796; baseline -0.001 -20"><span class='ocrx_word' id='word_1_21' title='bbox 245 715 396 796; x_wconf 72' lang='lat' dir='ltr'>prodibit,</span> <span class='ocrx_word' id='word_1_22' title='bbox 416 733 471 776; x_wconf 85' lang='lat' dir='ltr'><strong>sua</strong></span> <span class='ocrx_word' id='word_1_23' title='bbox 493 735 613 796; x_wconf 86' lang='lat' dir='ltr'><strong>quoque</strong></span> <span class='ocrx_word' id='word_1_24' title='bbox 635 717 701 778; x_wconf 90' lang='lat' dir='ltr'><strong>iure</strong></span> <span class='ocrx_word' id='word_1_25' title='bbox 724 716 874 778; x_wconf 76' lang='lat' dir='ltr'><strong>Ecclesiae</strong></span> <span class='ocrx_word' id='word_1_26' title='bbox 897 735 1009 778; x_wconf 87' lang='lat' dir='ltr'><strong>nomen</strong></span> <span class='ocrx_word' id='word_1_27' title='bbox 1032 717 1184 779; x_wconf 81' lang='lat' dir='ltr'><strong>vindicare</strong></span> <span class='ocrx_word' id='word_1_28' title='bbox 1203 715 1261 778; x_wconf 89' lang='lat' dir='ltr'><strong>sibi</strong></span> <span class='ocrx_word' id='word_1_29' title='bbox 1279 723 1386 794; x_wconf 85' lang='lat' dir='ltr'><strong>queat,</strong></span> 
     </span>
     <span class='ocr_line' id='line_1_5' title="bbox 247 817 1386 899; baseline 0 -21"><span class='ocrx_word' id='word_1_30' title='bbox 247 819 382 898; x_wconf 83' lang='lat' dir='ltr'><strong>quamvis</strong></span> <span class='ocrx_word' id='word_1_31' title='bbox 410 818 450 878; x_wconf 84' lang='lat' dir='ltr'><strong>sit</strong></span> <span class='ocrx_word' id='word_1_32' title='bbox 470 819 565 899; x_wconf 92' lang='lat' dir='ltr'><strong>ipsius</strong></span> <span class='ocrx_word' id='word_1_33' title='bbox 587 819 671 880; x_wconf 90' lang='lat' dir='ltr'><strong>notio</strong></span> <span class='ocrx_word' id='word_1_34' title='bbox 691 819 849 880; x_wconf 86' lang='lat' dir='ltr'><strong>immutata</strong></span> <span class='ocrx_word' id='word_1_35' title='bbox 860 818 894 897; x_wconf 66' lang='grc' dir='ltr'><strong>α).</strong></span> <span class='ocrx_word' id='word_1_36' title='bbox 935 817 971 882; x_wconf 92' lang='lat' dir='ltr'><strong>In</strong></span> <span class='ocrx_word' id='word_1_37' title='bbox 991 819 1110 880; x_wconf 82' lang='lat' dir='ltr'><strong>rariore</strong></span> <span class='ocrx_word' id='word_1_38' title='bbox 1133 827 1234 882; x_wconf 86' lang='lat' dir='ltr'><strong>autom</strong></span> <span class='ocrx_word' id='word_1_39' title='bbox 1256 817 1313 879; x_wconf 87' lang='lat' dir='ltr'><strong>bac</strong></span> <span class='ocrx_word' id='word_1_40' title='bbox 1335 819 1386 880; x_wconf 58' lang='lat' dir='ltr'><strong>Ec⁴</strong></span> 
     </span>
     <span class='ocr_line' id='line_1_6' title="bbox 247 921 1388 1002; baseline 0.002 -20"><span class='ocrx_word' id='word_1_41' title='bbox 247 921 356 982; x_wconf 87' lang='lat' dir='ltr'><strong>clasiae</strong></span> <span class='ocrx_word' id='word_1_42' title='bbox 373 921 499 982; x_wconf 85' lang='lat' dir='ltr'><strong>notione</strong></span> <span class='ocrx_word' id='word_1_43' title='bbox 517 922 702 1001; x_wconf 82' lang='lat' dir='ltr'><strong>indaganda.</strong></span> <span class='ocrx_word' id='word_1_44' title='bbox 723 921 944 1002; x_wconf 84' lang='lat' dir='ltr'><strong>praeparanda,</strong></span> <span class='ocrx_word' id='word_1_45' title='bbox 965 921 1179 983; x_wconf 85' lang='lat' dir='ltr'><strong>constituenda</strong></span> <span class='ocrx_word' id='word_1_46' title='bbox 1200 941 1306 1001; x_wconf 85' lang='lat' dir='ltr'><strong>parum</strong></span> <span class='ocrx_word' id='word_1_47' title='bbox 1325 939 1388 984; x_wconf 85' lang='lat' dir='ltr'><strong>om·</strong></span> 
     </span>
     <span class='ocr_line' id='line_1_7' title="bbox 247 1025 1387 1106; baseline -0.002 -20"><span class='ocrx_word' id='word_1_48' title='bbox 247 1025 321 1086; x_wconf 86' lang='lat' dir='ltr'><strong>nino</strong></span> <span class='ocrx_word' id='word_1_49' title='bbox 346 1025 515 1104; x_wconf 85' lang='lat' dir='ltr'><strong>proderunt</strong></span> <span class='ocrx_word' id='word_1_50' title='bbox 542 1025 629 1088; x_wconf 90' lang='lat' dir='ltr'><strong>nobis</strong></span> <span class='ocrx_word' id='word_1_51' title='bbox 657 1027 829 1106; x_wconf 75' lang='lat' dir='ltr'><strong>exquisitae</strong></span> <span class='ocrx_word' id='word_1_52' title='bbox 858 1045 892 1088; x_wconf 83' lang='lat' dir='ltr'><strong>aa</strong></span> <span class='ocrx_word' id='word_1_53' title='bbox 914 1027 1114 1106; x_wconf 72' lang='lat' dir='ltr'><strong>grandisonae</strong></span> <span class='ocrx_word' id='word_1_54' title='bbox 1136 1026 1300 1094; x_wconf 80' lang='lat' dir='ltr'><strong>formulae,</strong></span> <span class='ocrx_word' id='word_1_55' title='bbox 1322 1025 1387 1102; x_wconf 86' lang='lat' dir='ltr'><strong>qui·</strong></span> 
     </span>
     <span class='ocr_line' id='line_1_8' title="bbox 248 1128 1389 1210; baseline 0 -20"><span class='ocrx_word' id='word_1_56' title='bbox 248 1128 307 1190; x_wconf 87' lang='lat' dir='ltr'><strong>bus</strong></span> <span class='ocrx_word' id='word_1_57' title='bbox 339 1129 483 1208; x_wconf 82' lang='lat' dir='ltr'><strong>pleraque</strong></span> <span class='ocrx_word' id='word_1_58' title='bbox 510 1128 695 1209; x_wconf 73' lang='lat' dir='ltr'><strong>dogmaticos</strong></span> <span class='ocrx_word' id='word_1_59' title='bbox 727 1141 892 1210; x_wconf 79' lang='lat' dir='ltr'>systemata</span> <span class='ocrx_word' id='word_1_60' title='bbox 922 1131 1095 1192; x_wconf 76' lang='lat' dir='ltr'><strong>etiamnunc</strong></span> <span class='ocrx_word' id='word_1_61' title='bbox 1117 1128 1268 1194; x_wconf 76' lang='lat' dir='ltr'><strong>Ecclesiae</strong></span> <span class='ocrx_word' id='word_1_62' title='bbox 1284 1128 1389 1192; x_wconf 80' lang='lat' dir='ltr'><strong>&#39;notio-</strong></span> 
     </span>
     <span class='ocr_line' id='line_1_9' title="bbox 248 1231 1387 1313; baseline -0.002 -19"><span class='ocrx_word' id='word_1_63' title='bbox 248 1251 319 1294; x_wconf 84' lang='lat' dir='ltr'><strong>nem</strong></span> <span class='ocrx_word' id='word_1_64' title='bbox 347 1231 475 1294; x_wconf 86' lang='lat' dir='ltr'><strong>definire</strong></span> <span class='ocrx_word' id='word_1_65' title='bbox 504 1243 652 1313; x_wconf 76' lang='lat' dir='ltr'><strong>pergunt,</strong></span> <span class='ocrx_word' id='word_1_66' title='bbox 681 1243 713 1294; x_wconf 89' lang='lat' dir='ltr'><strong>et</strong></span> <span class='ocrx_word' id='word_1_67' title='bbox 734 1234 988 1313; x_wconf 84' lang='lat' dir='ltr'><strong>quemadmodum</strong></span> <span class='ocrx_word' id='word_1_68' title='bbox 1009 1235 1040 1297; x_wconf 90' lang='lat' dir='ltr'><strong>in</strong></span> <span class='ocrx_word' id='word_1_69' title='bbox 1062 1235 1191 1313; x_wconf 85' lang='lat' dir='ltr'><strong>reli-quis</strong></span> <span class='ocrx_word' id='word_1_70' title='bbox 1210 1232 1349 1296; x_wconf 85' lang='lat' dir='ltr'><strong>omnihus</strong></span> <span class='ocrx_word' id='word_1_71' title='bbox 1370 1249 1387 1292; x_wconf 95' lang='lat' dir='ltr'><strong>a</strong></span> 
     </span>
     <span class='ocr_line' id='line_1_10' title="bbox 250 1335 1390 1418; baseline -0.004 -20"><span class='ocrx_word' id='word_1_72' title='bbox 250 1337 335 1400; x_wconf 86' lang='lat' dir='ltr'><strong>vanis</strong></span> <span class='ocrx_word' id='word_1_73' title='bbox 357 1335 615 1416; x_wconf 77' lang='lat' dir='ltr'><strong>speculationibus</strong></span> <span class='ocrx_word' id='word_1_74' title='bbox 635 1337 673 1397; x_wconf 91' lang='lat' dir='ltr'><strong>ad</strong></span> <span class='ocrx_word' id='word_1_75' title='bbox 694 1337 773 1417; x_wconf 89' lang='lat' dir='ltr'><strong>ipsas</strong></span> <span class='ocrx_word' id='word_1_76' title='bbox 795 1357 844 1398; x_wconf 89' lang='lat' dir='ltr'><strong>res</strong></span> <span class='ocrx_word' id='word_1_77' title='bbox 865 1338 898 1400; x_wconf 91' lang='lat' dir='ltr'><strong>in</strong></span> <span class='ocrx_word' id='word_1_78' title='bbox 919 1339 999 1399; x_wconf 85' lang='lat' dir='ltr'><strong>iacto</strong></span> <span class='ocrx_word' id='word_1_79' title='bbox 1020 1339 1132 1418; x_wconf 87' lang='lat' dir='ltr'><strong>positas</strong></span> <span class='ocrx_word' id='word_1_80' title='bbox 1153 1338 1187 1398; x_wconf 83' lang='lat' dir='ltr'><strong>in</strong></span> <span class='ocrx_word' id='word_1_81' title='bbox 1206 1337 1271 1400; x_wconf 87' lang='lat' dir='ltr'><strong>dies</strong></span> <span class='ocrx_word' id='word_1_82' title='bbox 1292 1336 1390 1416; x_wconf 84' lang='lat' dir='ltr'><strong>magis</strong></span> 
     </span>
     <span class='ocr_line' id='line_1_11' title="bbox 249 1439 1392 1523; baseline -0.003 -20"><span class='ocrx_word' id='word_1_83' title='bbox 249 1441 420 1523; x_wconf 83' lang='lat' dir='ltr'><strong>dogmatice</strong></span> <span class='ocrx_word' id='word_1_84' title='bbox 452 1440 549 1509; x_wconf 89' lang='lat' dir='ltr'><strong>redit,</strong></span> <span class='ocrx_word' id='word_1_85' title='bbox 580 1450 613 1500; x_wconf 89' lang='lat' dir='ltr'><strong>et</strong></span> <span class='ocrx_word' id='word_1_86' title='bbox 643 1460 669 1502; x_wconf 82' lang='lat' dir='ltr'><strong>r.</strong></span> <span class='ocrx_word' id='word_1_87' title='bbox 692 1461 716 1500; x_wconf 92' lang='lat' dir='ltr'><strong>c.</strong></span> <span class='ocrx_word' id='word_1_88' title='bbox 748 1441 902 1503; x_wconf 90' lang='lat' dir='ltr'><strong>bominem</strong></span> <span class='ocrx_word' id='word_1_89' title='bbox 934 1460 998 1504; x_wconf 88' lang='lat' dir='ltr'><strong>uon</strong></span> <span class='ocrx_word' id='word_1_90' title='bbox 1028 1440 1156 1521; x_wconf 83' lang='lat' dir='ltr'><strong>amplius</strong></span> <span class='ocrx_word' id='word_1_91' title='bbox 1190 1441 1222 1502; x_wconf 91' lang='lat' dir='ltr'><strong>iu</strong></span> <span class='ocrx_word' id='word_1_92' title='bbox 1250 1439 1392 1520; x_wconf 88' lang='lat' dir='ltr'><strong>paradiso</strong></span> 
     </span>
     <span class='ocr_line' id='line_1_12' title="bbox 251 1544 1387 1625; baseline -0.004 -17"><span class='ocrx_word' id='word_1_93' title='bbox 251 1545 340 1608; x_wconf 87' lang='lat' dir='ltr'><strong>unice</strong></span> <span class='ocrx_word' id='word_1_94' title='bbox 366 1545 430 1604; x_wconf 83' lang='lat' dir='ltr'><strong>iere</strong></span> <span class='ocrx_word' id='word_1_95' title='bbox 459 1544 516 1604; x_wconf 91' lang='lat' dir='ltr'><strong>sibi</strong></span> <span class='ocrx_word' id='word_1_96' title='bbox 537 1545 667 1625; x_wconf 79' lang='lat' dir='ltr'><strong>cogitat,</strong></span> <span class='ocrx_word' id='word_1_97' title='bbox 696 1545 749 1606; x_wconf 88' lang='lat' dir='ltr'><strong>sed</strong></span> <span class='ocrx_word' id='word_1_98' title='bbox 771 1546 869 1624; x_wconf 90' lang='lat' dir='ltr'><strong>qualis</strong></span> <span class='ocrx_word' id='word_1_99' title='bbox 889 1555 995 1606; x_wconf 88' lang='lat' dir='ltr'><strong>nostro</strong></span> <span class='ocrx_word' id='word_1_100' title='bbox 1015 1555 1152 1624; x_wconf 89' lang='lat' dir='ltr'><strong>tempore</strong></span> <span class='ocrx_word' id='word_1_101' title='bbox 1173 1553 1387 1625; x_wconf 70' lang='lat' dir='ltr'><strong>cognoseatum</strong></span> 
     </span>
     <span class='ocr_line' id='line_1_13' title="bbox 250 1637 1391 1727; baseline 0 -19"><span class='ocrx_word' id='word_1_102' title='bbox 250 1649 420 1724; x_wconf 75' lang='lat' dir='ltr'><strong>Christum,</strong></span> <span class='ocrx_word' id='word_1_103' title='bbox 440 1667 502 1708; x_wconf 84' lang='lat' dir='ltr'><strong>ron</strong></span> <span class='ocrx_word' id='word_1_104' title='bbox 524 1637 643 1727; x_wconf 85' lang='lat' dir='ltr'><strong>qualem</strong></span> <span class='ocrx_word' id='word_1_105' title='bbox 665 1648 789 1710; x_wconf 85' lang='lat' dir='ltr'><strong>finxerit</strong></span> <span class='ocrx_word' id='word_1_106' title='bbox 810 1668 880 1710; x_wconf 90' lang='lat' dir='ltr'><strong>eum</strong></span> <span class='ocrx_word' id='word_1_107' title='bbox 900 1649 978 1710; x_wconf 86' lang='lat' dir='ltr'><strong>fama</strong></span> <span class='ocrx_word' id='word_1_108' title='bbox 1000 1659 1032 1710; x_wconf 91' lang='lat' dir='ltr'><strong>et</strong></span> <span class='ocrx_word' id='word_1_109' title='bbox 1053 1649 1246 1710; x_wconf 86' lang='lat' dir='ltr'><strong>decreverint</strong></span> <span class='ocrx_word' id='word_1_110' title='bbox 1258 1648 1329 1708; x_wconf 90' lang='lat' dir='ltr'><strong>olim</strong></span> <span class='ocrx_word' id='word_1_111' title='bbox 1341 1665 1391 1708; x_wconf 86' lang='lat' dir='ltr'><strong>oe-</strong></span> 
     </span>
     <span class='ocr_line' id='line_1_14' title="bbox 250 1749 1390 1830; baseline -0.003 -17"><span class='ocrx_word' id='word_1_112' title='bbox 250 1752 406 1814; x_wconf 83' lang='lat' dir='ltr'><strong>eumeniae</strong></span> <span class='ocrx_word' id='word_1_113' title='bbox 427 1750 567 1818; x_wconf 87' lang='lat' dir='ltr'><strong>eoncilia,</strong></span> <span class='ocrx_word' id='word_1_114' title='bbox 589 1750 643 1810; x_wconf 88' lang='lat' dir='ltr'><strong>sed</strong></span> <span class='ocrx_word' id='word_1_115' title='bbox 664 1751 783 1828; x_wconf 87' lang='lat' dir='ltr'><strong>qualem</strong></span> <span class='ocrx_word' id='word_1_116' title='bbox 801 1749 947 1812; x_wconf 83' lang='lat' dir='ltr'><strong>historica</strong></span> <span class='ocrx_word' id='word_1_117' title='bbox 964 1751 1059 1813; x_wconf 86' lang='lat' dir='ltr'><strong>nostri</strong></span> <span class='ocrx_word' id='word_1_118' title='bbox 1078 1752 1223 1830; x_wconf 86' lang='lat' dir='ltr'><strong>temporis</strong></span> <span class='ocrx_word' id='word_1_119' title='bbox 1237 1750 1390 1811; x_wconf 81' lang='lat' dir='ltr'><strong>conscien-</strong></span> 
     </span>
     <span class='ocr_line' id='line_1_15' title="bbox 250 1852 1391 1934; baseline -0.003 -18"><span class='ocrx_word' id='word_1_120' title='bbox 250 1857 293 1916; x_wconf 89' lang='lat' dir='ltr'><strong>tia</strong></span> <span class='ocrx_word' id='word_1_121' title='bbox 315 1874 384 1916; x_wconf 87' lang='lat' dir='ltr'><strong>eum</strong></span> <span class='ocrx_word' id='word_1_122' title='bbox 405 1852 628 1934; x_wconf 88' lang='lat' dir='ltr'><strong>apprehendat;</strong></span> <span class='ocrx_word' id='word_1_123' title='bbox 650 1855 730 1915; x_wconf 86' lang='lat' dir='ltr'><strong>vitae</strong></span> <span class='ocrx_word' id='word_1_124' title='bbox 752 1864 893 1916; x_wconf 79' lang='lat' dir='ltr'><strong>aeternae</strong></span> <span class='ocrx_word' id='word_1_125' title='bbox 916 1873 1015 1934; x_wconf 88' lang='lat' dir='ltr'><strong>spem,</strong></span> <span class='ocrx_word' id='word_1_126' title='bbox 1036 1873 1097 1914; x_wconf 89' lang='lat' dir='ltr'><strong>nou</strong></span> <span class='ocrx_word' id='word_1_127' title='bbox 1119 1856 1238 1933; x_wconf 82' lang='lat' dir='ltr'><strong>qualern</strong></span> <span class='ocrx_word' id='word_1_128' title='bbox 1260 1854 1391 1915; x_wconf 83' lang='lat' dir='ltr'><strong>somnia·</strong></span> 
     </span>
     <span class='ocr_line' id='line_1_16' title="bbox 251 1957 1389 2038; baseline -0.002 -18"><span class='ocrx_word' id='word_1_129' title='bbox 251 1960 351 2020; x_wconf 84' lang='lat' dir='ltr'><strong>verint</strong></span> <span class='ocrx_word' id='word_1_130' title='bbox 384 1977 450 2018; x_wconf 88' lang='lat' dir='ltr'><strong>eam</strong></span> <span class='ocrx_word' id='word_1_131' title='bbox 483 1959 572 2038; x_wconf 87' lang='lat' dir='ltr'><strong>prisci</strong></span> <span class='ocrx_word' id='word_1_132' title='bbox 602 1958 724 2028; x_wconf 88' lang='lat' dir='ltr'><strong>Iudaei,</strong></span> <span class='ocrx_word' id='word_1_133' title='bbox 753 1958 806 2018; x_wconf 92' lang='lat' dir='ltr'><strong>sed</strong></span> <span class='ocrx_word' id='word_1_134' title='bbox 834 1959 932 2038; x_wconf 85' lang='lat' dir='ltr'><strong>qualis</strong></span> <span class='ocrx_word' id='word_1_135' title='bbox 961 1968 1065 2020; x_wconf 88' lang='lat' dir='ltr'><strong>nostro</strong></span> <span class='ocrx_word' id='word_1_136' title='bbox 1094 1959 1195 2020; x_wconf 88' lang='lat' dir='ltr'><strong>animo</strong></span> <span class='ocrx_word' id='word_1_137' title='bbox 1216 1957 1389 2026; x_wconf 88' lang='lat' dir='ltr'><strong>inhaereat,</strong></span> 
     </span>
     <span class='ocr_line' id='line_1_17' title="bbox 251 2061 1389 2142; baseline -0.003 -19"><span class='ocrx_word' id='word_1_138' title='bbox 251 2062 339 2123; x_wconf 88' lang='lat' dir='ltr'><strong>nobis</strong></span> <span class='ocrx_word' id='word_1_139' title='bbox 359 2061 521 2130; x_wconf 82' lang='lat' dir='ltr'><strong>describit,</strong></span> <span class='ocrx_word' id='word_1_140' title='bbox 545 2062 587 2122; x_wconf 91' lang='lat' dir='ltr'><strong>sic</strong></span> <span class='ocrx_word' id='word_1_141' title='bbox 609 2080 731 2140; x_wconf 89' lang='lat' dir='ltr'><strong>quoque</strong></span> <span class='ocrx_word' id='word_1_142' title='bbox 752 2063 784 2122; x_wconf 92' lang='lat' dir='ltr'><strong>in</strong></span> <span class='ocrx_word' id='word_1_143' title='bbox 806 2061 956 2123; x_wconf 84' lang='lat' dir='ltr'><strong>Ecclesiae</strong></span> <span class='ocrx_word' id='word_1_144' title='bbox 978 2063 1102 2124; x_wconf 89' lang='lat' dir='ltr'><strong>notione</strong></span> <span class='ocrx_word' id='word_1_145' title='bbox 1125 2062 1316 2142; x_wconf 81' lang='lat' dir='ltr'><strong>exponenda,</strong></span> <span class='ocrx_word' id='word_1_146' title='bbox 1338 2061 1389 2121; x_wconf 91' lang='lat' dir='ltr'><strong>de·</strong></span> 
     </span>
     <span class='ocr_line' id='line_1_18' title="bbox 214 2165 1388 2246; baseline 0.001 -21"><span class='ocrx_word' id='word_1_147' title='bbox 214 2209 216 2213; x_wconf 64' lang='lat'>,</span> <span class='ocrx_word' id='word_1_148' title='bbox 251 2166 331 2226; x_wconf 83' lang='lat' dir='ltr'><strong>sinat</strong></span> <span class='ocrx_word' id='word_1_149' title='bbox 359 2165 482 2226; x_wconf 88' lang='lat' dir='ltr'><strong>tandem</strong></span> <span class='ocrx_word' id='word_1_150' title='bbox 511 2166 543 2226; x_wconf 87' lang='lat' dir='ltr'><strong>in</strong></span> <span class='ocrx_word' id='word_1_151' title='bbox 570 2183 661 2226; x_wconf 90' lang='lat' dir='ltr'><strong>sensu</strong></span> <span class='ocrx_word' id='word_1_152' title='bbox 686 2167 789 2226; x_wconf 86' lang='lat' dir='ltr'><strong>vacuis</strong></span> <span class='ocrx_word' id='word_1_153' title='bbox 818 2167 1007 2246; x_wconf 80' lang='lat' dir='ltr'><strong>acquiescere</strong></span> <span class='ocrx_word' id='word_1_154' title='bbox 1036 2166 1188 2236; x_wconf 77' lang='lat' dir='ltr'><strong>formulis,</strong></span> <span class='ocrx_word' id='word_1_155' title='bbox 1209 2176 1240 2226; x_wconf 90' lang='lat' dir='ltr'><strong>et</strong></span> <span class='ocrx_word' id='word_1_156' title='bbox 1261 2165 1388 2228; x_wconf 89' lang='lat' dir='ltr'><strong>historia</strong></span> 
     </span>
     <span class='ocr_line' id='line_1_19' title="bbox 251 2269 1416 2350; baseline 0.004 -21"><span class='ocrx_word' id='word_1_157' title='bbox 251 2270 327 2330; x_wconf 88' lang='lat' dir='ltr'><strong>duee</strong></span> <span class='ocrx_word' id='word_1_158' title='bbox 356 2289 374 2330; x_wconf 89' lang='lat' dir='ltr'><strong>e</strong></span> <span class='ocrx_word' id='word_1_159' title='bbox 395 2269 578 2330; x_wconf 68' lang='lat' dir='ltr'><strong>conseminia</strong></span> <span class='ocrx_word' id='word_1_160' title='bbox 607 2272 704 2331; x_wconf 83' lang='lat' dir='ltr'><strong>nostri</strong></span> <span class='ocrx_word' id='word_1_161' title='bbox 726 2271 870 2350; x_wconf 87' lang='lat' dir='ltr'><strong>temporis</strong></span> <span class='ocrx_word' id='word_1_162' title='bbox 892 2271 1032 2350; x_wconf 84' lang='lat' dir='ltr'><strong>religiosa</strong></span> <span class='ocrx_word' id='word_1_163' title='bbox 1053 2271 1219 2332; x_wconf 86' lang='lat' dir='ltr'><strong>feliciorem</strong></span> <span class='ocrx_word' id='word_1_164' title='bbox 1241 2269 1390 2332; x_wconf 80' lang='lat' dir='ltr'><strong>Ecclesiae</strong></span> <span class='ocrx_word' id='word_1_165' title='bbox 1412 2325 1416 2334; x_wconf 83' lang='lat'><strong>.</strong></span> 
     </span>
     <span class='ocr_line' id='line_1_20' title="bbox 251 2373 1398 2452; baseline -0.001 -20"><span class='ocrx_word' id='word_1_166' title='bbox 251 2373 456 2434; x_wconf 85' lang='lat' dir='ltr'><strong>conditionem</strong></span> <span class='ocrx_word' id='word_1_167' title='bbox 478 2381 580 2434; x_wconf 87' lang='lat' dir='ltr'><strong>mente</strong></span> <span class='ocrx_word' id='word_1_168' title='bbox 602 2383 781 2452; x_wconf 77' lang='lat' dir='ltr'><strong>augeretur,</strong></span> <span class='ocrx_word' id='word_1_169' title='bbox 810 2384 841 2436; x_wconf 88' lang='lat' dir='ltr'><strong>et</strong></span> <span class='ocrx_word' id='word_1_170' title='bbox 863 2373 1018 2434; x_wconf 87' lang='lat' dir='ltr'><strong>doetrinae</strong></span> <span class='ocrx_word' id='word_1_171' title='bbox 1041 2392 1112 2434; x_wconf 90' lang='lat' dir='ltr'><strong>suae</strong></span> <span class='ocrx_word' id='word_1_172' title='bbox 1133 2374 1247 2436; x_wconf 86' lang='lat' dir='ltr'><strong>lumine</strong></span> <span class='ocrx_word' id='word_1_173' title='bbox 1268 2391 1398 2451; x_wconf 51' lang='lat' dir='ltr'><strong>praepa·¹</strong></span> 
     </span>
     <span class='ocr_line' id='line_1_21' title="bbox 252 2471 1391 2555; baseline 0.001 -20"><span class='ocrx_word' id='word_1_174' title='bbox 252 2479 301 2535; x_wconf 87' lang='lat' dir='ltr'><strong>ret</strong></span> <span class='ocrx_word' id='word_1_175' title='bbox 321 2476 394 2554; x_wconf 86' lang='lat' dir='ltr'><strong>ipsa.</strong></span> <span class='ocrx_word' id='word_1_176' title='bbox 436 2471 602 2553; x_wconf 80' lang='lat' dir='ltr'><strong>Religionis</strong></span> <span class='ocrx_word' id='word_1_177' title='bbox 631 2476 823 2555; x_wconf 81' lang='lat' dir='ltr'><strong>propagatrix</strong></span> <span class='ocrx_word' id='word_1_178' title='bbox 846 2493 908 2536; x_wconf 84' lang='lat' dir='ltr'><strong>noo</strong></span> <span class='ocrx_word' id='word_1_179' title='bbox 930 2485 976 2538; x_wconf 89' lang='lat' dir='ltr'><strong>est</strong></span> <span class='ocrx_word' id='word_1_180' title='bbox 998 2475 1146 2544; x_wconf 84' lang='lat' dir='ltr'><strong>Ecclesia,</strong></span> <span class='ocrx_word' id='word_1_181' title='bbox 1168 2476 1222 2537; x_wconf 90' lang='lat' dir='ltr'><strong>sed</strong></span> <span class='ocrx_word' id='word_1_182' title='bbox 1243 2476 1299 2555; x_wconf 91' lang='lat' dir='ltr'><strong>ipsi</strong></span> <span class='ocrx_word' id='word_1_183' title='bbox 1321 2475 1391 2536; x_wconf 90' lang='lat' dir='ltr'><strong>reli·</strong></span> 
     </span>
     <span class='ocr_line' id='line_1_22' title="bbox 252 2577 1390 2658; baseline 0.003 -21"><span class='ocrx_word' id='word_1_184' title='bbox 252 2577 334 2658; x_wconf 76' lang='lat' dir='ltr'><strong>gioni</strong></span> <span class='ocrx_word' id='word_1_185' title='bbox 356 2578 446 2638; x_wconf 86' lang='lat' dir='ltr'><strong>insita</strong></span> <span class='ocrx_word' id='word_1_186' title='bbox 468 2578 513 2638; x_wconf 83' lang='lat' dir='ltr'><strong>vis</strong></span> <span class='ocrx_word' id='word_1_187' title='bbox 534 2577 599 2637; x_wconf 90' lang='lat' dir='ltr'><strong>eius</strong></span> <span class='ocrx_word' id='word_1_188' title='bbox 620 2577 720 2638; x_wconf 90' lang='lat' dir='ltr'><strong>ideam</strong></span> <span class='ocrx_word' id='word_1_189' title='bbox 742 2579 891 2657; x_wconf 85' lang='lat' dir='ltr'><strong>propellit</strong></span> <span class='ocrx_word' id='word_1_190' title='bbox 934 2577 1101 2658; x_wconf 86' lang='lat' dir='ltr'><strong>Religionis</strong></span> <span class='ocrx_word' id='word_1_191' title='bbox 1121 2597 1257 2658; x_wconf 78' lang='lat' dir='ltr'><strong>organon</strong></span> <span class='ocrx_word' id='word_1_192' title='bbox 1279 2579 1390 2657; x_wconf 81' lang='lat' dir='ltr'><strong>singuli</strong></span> 
     </span>
     <span class='ocr_line' id='line_1_23' title="bbox 252 2679 1390 2760; baseline 0.004 -20"><span class='ocrx_word' id='word_1_193' title='bbox 252 2691 324 2742; x_wconf 88' lang='lat' dir='ltr'><strong>sunt</strong></span> <span class='ocrx_word' id='word_1_194' title='bbox 345 2681 499 2750; x_wconf 88' lang='lat' dir='ltr'><strong>homines,</strong></span> <span class='ocrx_word' id='word_1_195' title='bbox 528 2680 560 2740; x_wconf 90' lang='lat' dir='ltr'><strong>in</strong></span> <span class='ocrx_word' id='word_1_196' title='bbox 582 2679 692 2758; x_wconf 90' lang='lat' dir='ltr'><strong>quihus</strong></span> <span class='ocrx_word' id='word_1_197' title='bbox 715 2681 874 2760; x_wconf 81' lang='lat' dir='ltr'><strong>religiosus</strong></span> <span class='ocrx_word' id='word_1_198' title='bbox 897 2699 1002 2742; x_wconf 87' lang='lat' dir='ltr'><strong>sensus</strong></span> <span class='ocrx_word' id='word_1_199' title='bbox 1024 2679 1183 2748; x_wconf 85' lang='lat' dir='ltr'><strong>efferbuit,</strong></span> <span class='ocrx_word' id='word_1_200' title='bbox 1205 2691 1236 2742; x_wconf 90' lang='lat' dir='ltr'><strong>et</strong></span> <span class='ocrx_word' id='word_1_201' title='bbox 1258 2680 1390 2745; x_wconf 84' lang='lat' dir='ltr'><strong>Ecclesia</strong></span> 
     </span>
     <span class='ocr_line' id='line_1_24' title="bbox 252 2783 1390 2864; baseline 0.001 -20"><span class='ocrx_word' id='word_1_202' title='bbox 252 2785 365 2846; x_wconf 90' lang='lat' dir='ltr'><strong>ideireo</strong></span> <span class='ocrx_word' id='word_1_203' title='bbox 387 2795 505 2846; x_wconf 86' lang='lat' dir='ltr'><strong>tantum</strong></span> <span class='ocrx_word' id='word_1_204' title='bbox 528 2785 569 2846; x_wconf 87' lang='lat' dir='ltr'><strong>sio</strong></span> <span class='ocrx_word' id='word_1_205' title='bbox 588 2785 731 2863; x_wconf 88' lang='lat' dir='ltr'><strong>appellari</strong></span> <span class='ocrx_word' id='word_1_206' title='bbox 750 2793 865 2864; x_wconf 91' lang='lat' dir='ltr'><strong>potest,</strong></span> <span class='ocrx_word' id='word_1_207' title='bbox 888 2784 968 2863; x_wconf 91' lang='lat' dir='ltr'><strong>quod</strong></span> <span class='ocrx_word' id='word_1_208' title='bbox 987 2783 1144 2846; x_wconf 86' lang='lat' dir='ltr'><strong>bominum</strong></span> <span class='ocrx_word' id='word_1_209' title='bbox 1161 2784 1390 2848; x_wconf 89' lang='lat' dir='ltr'><strong>multitudinem</strong></span> 
     </span>
     <span class='ocr_line' id='line_1_25' title="bbox 252 2885 1390 2968; baseline 0.002 -20"><span class='ocrx_word' id='word_1_210' title='bbox 252 2888 472 2966; x_wconf 82' lang='lat' dir='ltr'><strong>complectitur.</strong></span> <span class='ocrx_word' id='word_1_211' title='bbox 513 2885 636 2967; x_wconf 89' lang='lat' dir='ltr'><strong>Proprie</strong></span> <span class='ocrx_word' id='word_1_212' title='bbox 672 2887 811 2966; x_wconf 86' lang='lat' dir='ltr'><strong>quidem¹</strong></span> <span class='ocrx_word' id='word_1_213' title='bbox 846 2887 949 2949; x_wconf 89' lang='lat' dir='ltr'><strong>nullus</strong></span> <span class='ocrx_word' id='word_1_214' title='bbox 976 2887 1135 2966; x_wconf 89' lang='lat' dir='ltr'><strong>peculiaris</strong></span> <span class='ocrx_word' id='word_1_215' title='bbox 1163 2889 1194 2950; x_wconf 90' lang='lat' dir='ltr'><strong>in</strong></span> <span class='ocrx_word' id='word_1_216' title='bbox 1221 2889 1390 2968; x_wconf 80' lang='lat' dir='ltr'><strong>dogmatica</strong></span> 
     </span>
     <span class='ocr_line' id='line_1_26' title="bbox 251 2989 1390 3070; baseline 0.002 -20"><span class='ocrx_word' id='word_1_217' title='bbox 251 2989 421 3052; x_wconf 83' lang='lat' dir='ltr'><strong>Christiana</strong></span> <span class='ocrx_word' id='word_1_218' title='bbox 441 2989 673 3070; x_wconf 81' lang='lat' dir='ltr'><strong>Ecclesiologiae</strong></span> <span class='ocrx_word' id='word_1_219' title='bbox 694 2991 778 3053; x_wconf 88' lang='lat' dir='ltr'><strong>locus</strong></span> <span class='ocrx_word' id='word_1_220' title='bbox 800 2991 945 3070; x_wconf 83' lang='lat' dir='ltr'><strong>assignari</strong></span> <span class='ocrx_word' id='word_1_221' title='bbox 968 2999 1082 3068; x_wconf 90' lang='lat' dir='ltr'><strong>potest,</strong></span> <span class='ocrx_word' id='word_1_222' title='bbox 1105 2991 1161 3050; x_wconf 90' lang='lat' dir='ltr'><strong>nisi</strong></span> <span class='ocrx_word' id='word_1_223' title='bbox 1184 2992 1252 3052; x_wconf 91' lang='lat' dir='ltr'><strong>ioco</strong></span> <span class='ocrx_word' id='word_1_224' title='bbox 1273 2992 1311 3052; x_wconf 88' lang='lat' dir='ltr'><strong>de</strong></span> <span class='ocrx_word' id='word_1_225' title='bbox 1330 2992 1390 3052; x_wconf 74' lang='lat' dir='ltr'><strong>sin·</strong></span> 
     </span>
     <span class='ocr_line' id='line_1_27' title="bbox 254 3092 1392 3176; baseline 0.001 -19"><span class='ocrx_word' id='word_1_226' title='bbox 254 3095 318 3174; x_wconf 82' lang='lat' dir='ltr'><strong>guli</strong></span> <span class='ocrx_word' id='word_1_227' title='bbox 347 3094 479 3156; x_wconf 87' lang='lat' dir='ltr'><strong>bominis</strong></span> <span class='ocrx_word' id='word_1_228' title='bbox 511 3094 549 3154; x_wconf 90' lang='lat' dir='ltr'><strong>ad</strong></span> <span class='ocrx_word' id='word_1_229' title='bbox 581 3092 675 3156; x_wconf 75' lang='lat' dir='ltr'><strong>usum</strong></span> <span class='ocrx_word' id='word_1_230' title='bbox 704 3095 869 3164; x_wconf 77' lang='lat' dir='ltr'><strong>relatione„</strong></span> <span class='ocrx_word' id='word_1_231' title='bbox 897 3095 1026 3156; x_wconf 86' lang='lat' dir='ltr'><strong>alterum</strong></span> <span class='ocrx_word' id='word_1_232' title='bbox 1051 3093 1219 3176; x_wconf 81' lang='lat' dir='ltr'><strong>adiungere</strong></span> <span class='ocrx_word' id='word_1_233' title='bbox 1249 3095 1324 3156; x_wconf 80' lang='lat' dir='ltr'><strong>uelis</strong></span> <span class='ocrx_word' id='word_1_234' title='bbox 1352 3094 1392 3159; x_wconf 83' lang='lat' dir='ltr'><strong>de</strong></span> 
     </span>
     <span class='ocr_line' id='line_1_28' title="bbox 253 3196 1394 3276; baseline 0.001 -18"><span class='ocrx_word' id='word_1_235' title='bbox 253 3197 413 3260; x_wconf 82' lang='lat' dir='ltr'><strong>homiuum</strong></span> <span class='ocrx_word' id='word_1_236' title='bbox 439 3197 645 3261; x_wconf 88' lang='lat' dir='ltr'><strong>multitudinis</strong></span> <span class='ocrx_word' id='word_1_237' title='bbox 674 3198 711 3260; x_wconf 85' lang='lat' dir='ltr'><strong>ad</strong></span> <span class='ocrx_word' id='word_1_238' title='bbox 740 3196 852 3267; x_wconf 86' lang='lat' dir='ltr'><strong>Deum,</strong></span> <span class='ocrx_word' id='word_1_239' title='bbox 880 3197 979 3276; x_wconf 87' lang='lat' dir='ltr'><strong>deque</strong></span> <span class='ocrx_word' id='word_1_240' title='bbox 1001 3215 1107 3260; x_wconf 91' lang='lat' dir='ltr'><strong>eorum</strong></span> <span class='ocrx_word' id='word_1_241' title='bbox 1128 3206 1233 3258; x_wconf 87' lang='lat' dir='ltr'><strong>mutua</strong></span> <span class='ocrx_word' id='word_1_242' title='bbox 1255 3198 1293 3258; x_wconf 92' lang='lat' dir='ltr'><strong>ad</strong></span> <span class='ocrx_word' id='word_1_243' title='bbox 1314 3198 1394 3260; x_wconf 77' lang='lat' dir='ltr'><strong>invi·</strong></span> 
     </span>
     <span class='ocr_line' id='line_1_29' title="bbox 255 3299 1390 3381; baseline 0.002 -17"><span class='ocrx_word' id='word_1_244' title='bbox 255 3319 321 3364; x_wconf 86' lang='lat' dir='ltr'><strong>cern</strong></span> <span class='ocrx_word' id='word_1_245' title='bbox 348 3300 540 3381; x_wconf 67' lang='lat' dir='ltr'><strong>relationell.</strong></span> <span class='ocrx_word' id='word_1_246' title='bbox 588 3299 676 3364; x_wconf 88' lang='lat' dir='ltr'><strong>Omni</strong></span> <span class='ocrx_word' id='word_1_247' title='bbox 718 3310 820 3365; x_wconf 83' lang='lat' dir='ltr'><strong>sutem</strong></span> <span class='ocrx_word' id='word_1_248' title='bbox 851 3301 1055 3381; x_wconf 78' lang='lat' dir='ltr'><strong>dogmaticae,</strong></span> <span class='ocrx_word' id='word_1_249' title='bbox 1093 3301 1142 3366; x_wconf 83' lang='lat' dir='ltr'><strong>rei</strong></span> <span class='ocrx_word' id='word_1_250' title='bbox 1173 3301 1255 3380; x_wconf 88' lang='lat' dir='ltr'><strong>quod</strong></span> <span class='ocrx_word' id='word_1_251' title='bbox 1283 3301 1390 3367; x_wconf 86' lang='lat' dir='ltr'><strong>eodem</strong></span> 
     </span>
    </p>
   </div>
   <div class='ocr_carea' id='block_1_3' title="bbox 257 3573 1441 4644">
    <p class='ocr_par' dir='ltr' id='par_1_3' title="bbox 257 3573 1392 3820">
     <span class='ocr_line' id='line_1_30' title="bbox 272 3573 1390 3658; baseline 0.002 -20"><span class='ocrx_word' id='word_1_252' title='bbox 272 3590 310 3658; x_wconf 32' lang='lat'><strong>¹⁶)</strong></span> <span class='ocrx_word' id='word_1_253' title='bbox 334 3589 487 3643; x_wconf 80' lang='lat' dir='ltr'><strong>Contrarium</strong></span> <span class='ocrx_word' id='word_1_254' title='bbox 513 3591 591 3642; x_wconf 81' lang='lat' dir='ltr'><strong>censet</strong></span> <span class='ocrx_word' id='word_1_255' title='bbox 613 3593 740 3652; x_wconf 70' lang='lat' dir='ltr'><strong>ademar,</strong></span> <span class='ocrx_word' id='word_1_256' title='bbox 768 3591 814 3642; x_wconf 75' lang='lat' dir='ltr'><strong>Eia</strong></span> <span class='ocrx_word' id='word_1_257' title='bbox 839 3589 958 3642; x_wconf 72' lang='lat' dir='ltr'><strong>return</strong></span> <span class='ocrx_word' id='word_1_258' title='bbox 981 3604 1026 3640; x_wconf 85' lang='lat' dir='ltr'><strong>oon</strong></span> <span class='ocrx_word' id='word_1_259' title='bbox 1043 3589 1086 3639; x_wconf 84' lang='lat' dir='ltr'><strong>der</strong></span> <span class='ocrx_word' id='word_1_260' title='bbox 1110 3573 1214 3650; x_wconf 51' lang='lat' dir='ltr'><strong>Kissie}</strong></span> <span class='ocrx_word' id='word_1_261' title='bbox 1234 3589 1295 3640; x_wconf 88' lang='lat' dir='ltr'><strong>Jcna</strong></span> <span class='ocrx_word' id='word_1_262' title='bbox 1313 3587 1390 3650; x_wconf 78' lang='lat'>1857,</span> 
     </span>
     <span class='ocr_line' id='line_1_31' title="bbox 257 3668 1392 3740; baseline 0.002 -22"><span class='ocrx_word' id='word_1_263' title='bbox 257 3668 299 3736; x_wconf 83' lang='lat' dir='ltr'><strong>qni</strong></span> <span class='ocrx_word' id='word_1_264' title='bbox 324 3671 495 3724; x_wconf 55' lang='lat' dir='ltr'><strong>&amp;moenianis</strong></span> <span class='ocrx_word' id='word_1_265' title='bbox 522 3673 569 3735; x_wconf 91' lang='lat' dir='ltr'><strong>(die</strong></span> <span class='ocrx_word' id='word_1_266' title='bbox 595 3673 732 3736; x_wconf 80' lang='lat' dir='ltr'><strong>Gemeinde)</strong></span> <span class='ocrx_word' id='word_1_267' title='bbox 753 3689 839 3723; x_wconf 90' lang='lat' dir='ltr'><strong>nomen</strong></span> <span class='ocrx_word' id='word_1_268' title='bbox 862 3673 975 3740; x_wconf 77' lang='lat' dir='ltr'><strong>praefert,</strong></span> <span class='ocrx_word' id='word_1_269' title='bbox 995 3687 1066 3738; x_wconf 89' lang='lat' dir='ltr'><strong>quam</strong></span> <span class='ocrx_word' id='word_1_270' title='bbox 1084 3672 1148 3722; x_wconf 87' lang='lat' dir='ltr'><strong>inter</strong></span> <span class='ocrx_word' id='word_1_271' title='bbox 1164 3674 1189 3721; x_wconf 80' lang='lat' dir='ltr'><strong>el</strong></span> <span class='ocrx_word' id='word_1_272' title='bbox 1204 3671 1337 3722; x_wconf 81' lang='lat' dir='ltr'><strong>Ecclesiam</strong></span> <span class='ocrx_word' id='word_1_273' title='bbox 1355 3671 1392 3720; x_wconf 88' lang='lat' dir='ltr'><strong>ni·</strong></span> 
     </span>
     <span class='ocr_line' id='line_1_32' title="bbox 258 3753 783 3820; baseline 0.004 -18"><span class='ocrx_word' id='word_1_274' title='bbox 258 3753 305 3803; x_wconf 80' lang='lat' dir='ltr'><strong>nris</strong></span> <span class='ocrx_word' id='word_1_275' title='bbox 321 3769 400 3804; x_wconf 83' lang='lat' dir='ltr'><strong>severe</strong></span> <span class='ocrx_word' id='word_1_276' title='bbox 418 3755 565 3820; x_wconf 74' lang='lat' dir='ltr'><strong>distinguere</strong></span> <span class='ocrx_word' id='word_1_277' title='bbox 581 3755 644 3804; x_wconf 88' lang='lat' dir='ltr'><strong>mibi</strong></span> <span class='ocrx_word' id='word_1_278' title='bbox 659 3755 763 3806; x_wconf 81' lang='lat' dir='ltr'><strong>ridetur.</strong></span> <span class='ocrx_word' id='word_1_279' title='bbox 782 3763 783 3766; x_wconf 78' lang='grc'>’</span> 
     </span>
    </p>

    <p class='ocr_par' dir='ltr' id='par_1_4' title="bbox 258 3833 1441 4644">
     <span class='ocr_line' id='line_1_33' title="bbox 286 3833 1392 3906; baseline -0.002 -20"><span class='ocrx_word' id='word_1_280' title='bbox 286 3834 307 3898; x_wconf 79' lang='lat'><strong>⁷)</strong></span> <span class='ocrx_word' id='word_1_281' title='bbox 325 3836 408 3903; x_wconf 83' lang='lat' dir='ltr'><strong>bisque</strong></span> <span class='ocrx_word' id='word_1_282' title='bbox 426 3836 530 3888; x_wconf 81' lang='lat' dir='ltr'><strong>muitum</strong></span> <span class='ocrx_word' id='word_1_283' title='bbox 550 3838 651 3902; x_wconf 80' lang='lat' dir='ltr'><strong>prosunt</strong></span> <span class='ocrx_word' id='word_1_284' title='bbox 665 3836 789 3906; x_wconf 77' lang='lat' dir='ltr'><strong>Ecclesiae</strong></span> <span class='ocrx_word' id='word_1_285' title='bbox 806 3834 968 3896; x_wconf 78' lang='lat' dir='ltr'><strong>definitiones,</strong></span> <span class='ocrx_word' id='word_1_286' title='bbox 986 3849 1043 3899; x_wconf 81' lang='lat' dir='ltr'><strong>quas</strong></span> <span class='ocrx_word' id='word_1_287' title='bbox 1059 3833 1181 3885; x_wconf 74' lang='lat' dir='ltr'><strong>Ecclesiae</strong></span> <span class='ocrx_word' id='word_1_288' title='bbox 1193 3833 1307 3886; x_wconf 81' lang='lat' dir='ltr'><strong>historiae</strong></span> <span class='ocrx_word' id='word_1_289' title='bbox 1324 3848 1392 3898; x_wconf 65' lang='lat' dir='ltr'><strong>praee</strong></span> 
     </span>
     <span class='ocr_line' id='line_1_34' title="bbox 258 3915 1393 3986; baseline -0.002 -16"><span class='ocrx_word' id='word_1_290' title='bbox 258 3919 376 3970; x_wconf 75' lang='lat' dir='ltr'><strong>misarum</strong></span> <span class='ocrx_word' id='word_1_291' title='bbox 394 3919 499 3972; x_wconf 83' lang='lat' dir='ltr'><strong>Giaroler</strong></span> <span class='ocrx_word' id='word_1_292' title='bbox 521 3923 545 3969; x_wconf 85' lang='lat' dir='ltr'><strong>at</strong></span> <span class='ocrx_word' id='word_1_293' title='bbox 565 3919 655 3980; x_wconf 83' lang='lat' dir='ltr'><strong>Kurta,</strong></span> <span class='ocrx_word' id='word_1_294' title='bbox 672 3919 740 3986; x_wconf 84' lang='lat' dir='ltr'><strong>quasi</strong></span> <span class='ocrx_word' id='word_1_295' title='bbox 757 3917 787 3968; x_wconf 87' lang='lat' dir='ltr'><strong>ab</strong></span> <span class='ocrx_word' id='word_1_296' title='bbox 804 3917 876 3968; x_wconf 86' lang='lat' dir='ltr'><strong>initio</strong></span> <span class='ocrx_word' id='word_1_297' title='bbox 895 3917 943 3968; x_wconf 89' lang='lat' dir='ltr'><strong>iam</strong></span> <span class='ocrx_word' id='word_1_298' title='bbox 966 3917 1018 3968; x_wconf 85' lang='lat' dir='ltr'><strong>eius</strong></span> <span class='ocrx_word' id='word_1_299' title='bbox 1039 3916 1119 3976; x_wconf 74' lang='lat' dir='ltr'><strong>nouo,</strong></span> <span class='ocrx_word' id='word_1_300' title='bbox 1134 3933 1205 3982; x_wconf 85' lang='lat' dir='ltr'><strong>quam</strong></span> <span class='ocrx_word' id='word_1_301' title='bbox 1224 3916 1277 3982; x_wconf 85' lang='lat' dir='ltr'><strong>ipsa</strong></span> <span class='ocrx_word' id='word_1_302' title='bbox 1296 3915 1393 3968; x_wconf 86' lang='lat' dir='ltr'><strong>demum</strong></span> 
     </span>
     <span class='ocr_line' id='line_1_35' title="bbox 259 3997 1391 4066; baseline -0.002 -18"><span class='ocrx_word' id='word_1_303' title='bbox 259 3999 361 4050; x_wconf 85' lang='lat' dir='ltr'><strong>historia</strong></span> <span class='ocrx_word' id='word_1_304' title='bbox 388 4001 505 4066; x_wconf 83' lang='lat' dir='ltr'><strong>explicare</strong></span> <span class='ocrx_word' id='word_1_305' title='bbox 532 4001 612 4061; x_wconf 86' lang='lat' dir='ltr'><strong>debet,</strong></span> <span class='ocrx_word' id='word_1_306' title='bbox 639 4002 685 4050; x_wconf 82' lang='lat' dir='ltr'><strong>fixa</strong></span> <span class='ocrx_word' id='word_1_307' title='bbox 716 4004 814 4064; x_wconf 84' lang='lat' dir='ltr'><strong>rataque</strong></span> <span class='ocrx_word' id='word_1_308' title='bbox 844 3999 912 4049; x_wconf 85' lang='lat' dir='ltr'><strong>tritis</strong></span> <span class='ocrx_word' id='word_1_309' title='bbox 933 3999 1075 4064; x_wconf 81' lang='lat' dir='ltr'><strong>usitatisque</strong></span> <span class='ocrx_word' id='word_1_310' title='bbox 1098 3999 1208 4048; x_wconf 80' lang='lat' dir='ltr'><strong>formulis</strong></span> <span class='ocrx_word' id='word_1_311' title='bbox 1228 3997 1391 4048; x_wconf 85' lang='lat' dir='ltr'><strong>circumscribi</strong></span> 
     </span>
     <span class='ocr_line' id='line_1_36' title="bbox 258 4079 1398 4148; baseline -0.004 -16"><span class='ocrx_word' id='word_1_312' title='bbox 258 4087 345 4148; x_wconf 87' lang='lat' dir='ltr'><strong>posset.</strong></span> <span class='ocrx_word' id='word_1_313' title='bbox 379 4083 449 4148; x_wconf 76' lang='lat' dir='ltr'><strong>Quod</strong></span> <span class='ocrx_word' id='word_1_314' title='bbox 466 4087 548 4134; x_wconf 88' lang='lat' dir='ltr'><strong>contra</strong></span> <span class='ocrx_word' id='word_1_315' title='bbox 568 4099 610 4132; x_wconf 87' lang='lat' dir='ltr'><strong>auo</strong></span> <span class='ocrx_word' id='word_1_316' title='bbox 630 4083 682 4132; x_wconf 86' lang='lat' dir='ltr'><strong>iure</strong></span> <span class='ocrx_word' id='word_1_317' title='bbox 698 4083 755 4132; x_wconf 83' lang='lat' dir='ltr'><strong>iecit</strong></span> <span class='ocrx_word' id='word_1_318' title='bbox 772 4095 883 4130; x_wconf 73' lang='lat' dir='ltr'><strong>retourne</strong></span> <span class='ocrx_word' id='word_1_319' title='bbox 901 4081 994 4142; x_wconf 78' lang='lat' dir='ltr'><strong>(tetre.</strong></span> <span class='ocrx_word' id='word_1_320' title='bbox 1012 4079 1054 4130; x_wconf 84' lang='lat' dir='ltr'><strong>des</strong></span> <span class='ocrx_word' id='word_1_321' title='bbox 1071 4081 1145 4130; x_wconf 76' lang='lat' dir='ltr'><strong>Kato.</strong></span> <span class='ocrx_word' id='word_1_322' title='bbox 1163 4098 1187 4132; x_wconf 82' lang='lat' dir='ltr'><strong>u.</strong></span> <span class='ocrx_word' id='word_1_323' title='bbox 1204 4081 1246 4132; x_wconf 80' lang='lat' dir='ltr'><strong>Er.</strong></span> <span class='ocrx_word' id='word_1_324' title='bbox 1264 4081 1398 4131; x_wconf 64' lang='lat' dir='ltr'><strong>Kirrltenn</strong></span> 
     </span>
     <span class='ocr_line' id='line_1_37' title="bbox 258 4161 1393 4230; baseline -0.004 -16"><span class='ocrx_word' id='word_1_325' title='bbox 258 4167 282 4216; x_wconf 84' lang='lat' dir='ltr'><strong>S.</strong></span> <span class='ocrx_word' id='word_1_326' title='bbox 300 4165 312 4214; x_wconf 90' lang='lat' dir='ltr'><strong>l</strong></span> <span class='ocrx_word' id='word_1_327' title='bbox 332 4169 356 4215; x_wconf 89' lang='lat' dir='ltr'><strong>et</strong></span> <span class='ocrx_word' id='word_1_328' title='bbox 369 4166 424 4229; x_wconf 76' lang='lat'>25),</span> <span class='ocrx_word' id='word_1_329' title='bbox 442 4165 482 4230; x_wconf 89' lang='lat' dir='ltr'><strong>qui</strong></span> <span class='ocrx_word' id='word_1_330' title='bbox 497 4165 536 4214; x_wconf 88' lang='lat' dir='ltr'><strong>ius</strong></span> <span class='ocrx_word' id='word_1_331' title='bbox 556 4163 678 4214; x_wconf 85' lang='lat' dir='ltr'><strong>conditum</strong></span> <span class='ocrx_word' id='word_1_332' title='bbox 691 4163 811 4214; x_wconf 83' lang='lat' dir='ltr'><strong>Ecclesiae</strong></span> <span class='ocrx_word' id='word_1_333' title='bbox 827 4163 944 4222; x_wconf 78' lang='lat' dir='ltr'><strong>reserens,</strong></span> <span class='ocrx_word' id='word_1_334' title='bbox 962 4161 1092 4220; x_wconf 80' lang='lat' dir='ltr'><strong>Ecclesiam</strong></span> <span class='ocrx_word' id='word_1_335' title='bbox 1110 4162 1184 4212; x_wconf 85' lang='lat' dir='ltr'><strong>talam</strong></span> <span class='ocrx_word' id='word_1_336' title='bbox 1199 4163 1274 4228; x_wconf 80' lang='lat' dir='ltr'><strong>urtice¹</strong></span> <span class='ocrx_word' id='word_1_337' title='bbox 1286 4164 1393 4228; x_wconf 83' lang='lat' dir='ltr'><strong>spectate</strong></span> 
     </span>
     <span class='ocr_line' id='line_1_38' title="bbox 260 4241 1441 4313; baseline -0.003 -15"><span class='ocrx_word' id='word_1_338' title='bbox 260 4247 353 4312; x_wconf 84' lang='lat' dir='ltr'><strong>potuit,</strong></span> <span class='ocrx_word' id='word_1_339' title='bbox 370 4247 448 4313; x_wconf 83' lang='lat' dir='ltr'><strong>qualis</strong></span> <span class='ocrx_word' id='word_1_340' title='bbox 467 4247 616 4312; x_wconf 72' lang='lat' dir='ltr'><strong>rubetaque</strong></span> <span class='ocrx_word' id='word_1_341' title='bbox 637 4245 733 4298; x_wconf 85' lang='lat' dir='ltr'><strong>condito</strong></span> <span class='ocrx_word' id='word_1_342' title='bbox 751 4248 796 4298; x_wconf 85' lang='lat' dir='ltr'><strong>est.</strong></span> <span class='ocrx_word' id='word_1_343' title='bbox 829 4245 908 4296; x_wconf 87' lang='lat' dir='ltr'><strong>Miror</strong></span> <span class='ocrx_word' id='word_1_344' title='bbox 925 4243 1093 4294; x_wconf 80' lang='lat' dir='ltr'><strong>Sebenbalium</strong></span> <span class='ocrx_word' id='word_1_345' title='bbox 1112 4244 1260 4294; x_wconf 85' lang='lat' dir='ltr'><strong>etiamnunc</strong></span> <span class='ocrx_word' id='word_1_346' title='bbox 1271 4243 1298 4295; x_wconf 83' lang='lat' dir='ltr'><strong>iu</strong></span> <span class='ocrx_word' id='word_1_347' title='bbox 1313 4241 1394 4294; x_wconf 83' lang='lat' dir='ltr'><strong>Eccle-</strong></span> <span class='ocrx_word' id='word_1_348' title='bbox 1439 4275 1441 4278; x_wconf 96' lang='lat'>-</span> 
     </span>
     <span class='ocr_line' id='line_1_39' title="bbox 260 4323 1404 4393; baseline -0.003 -13"><span class='ocrx_word' id='word_1_349' title='bbox 260 4331 309 4382; x_wconf 76' lang='lat' dir='ltr'><strong>sias</strong></span> <span class='ocrx_word' id='word_1_350' title='bbox 327 4330 444 4380; x_wconf 77' lang='lat' dir='ltr'><strong>notitione</strong></span> <span class='ocrx_word' id='word_1_351' title='bbox 459 4329 609 4393; x_wconf 65' lang='lat' dir='ltr'><strong>emendanda</strong></span> <span class='ocrx_word' id='word_1_352' title='bbox 624 4329 654 4380; x_wconf 84' lang='lat' dir='ltr'><strong>ad</strong></span> <span class='ocrx_word' id='word_1_353' title='bbox 664 4327 840 4392; x_wconf 74' lang='lat' dir='ltr'><strong>Etymologiam</strong></span> <span class='ocrx_word' id='word_1_354' title='bbox 848 4340 982 4391; x_wconf 73' lang='lat' dir='ltr'><strong>prouocare.</strong></span> <span class='ocrx_word' id='word_1_355' title='bbox 999 4323 1151 4376; x_wconf 87' lang='lat' dir='ltr'><strong>Vocabulum</strong></span> <span class='ocrx_word' id='word_1_356' title='bbox 1162 4323 1302 4386; x_wconf 59' lang='lat' dir='ltr'><strong>„merie”</strong></span> <span class='ocrx_word' id='word_1_357' title='bbox 1313 4327 1404 4388; x_wconf 82' lang='lat' dir='ltr'><strong>(sersu-</strong></span> 
     </span>
     <span class='ocr_line' id='line_1_40' title="bbox 260 4399 1409 4475; baseline -0.005 -11"><span class='ocrx_word' id='word_1_358' title='bbox 260 4412 405 4475; x_wconf 83' lang='lat' dir='ltr'><strong>Gbn&#39;stiano)</strong></span> <span class='ocrx_word' id='word_1_359' title='bbox 438 4421 485 4462; x_wconf 79' lang='lat' dir='ltr'><strong>nou</strong></span> <span class='ocrx_word' id='word_1_360' title='bbox 509 4411 665 4464; x_wconf 78' lang='lat' dir='ltr'><strong>derivandum</strong></span> <span class='ocrx_word' id='word_1_361' title='bbox 687 4415 724 4462; x_wconf 79' lang='lat' dir='ltr'><strong>est</strong></span> <span class='ocrx_word' id='word_1_362' title='bbox 748 4409 855 4464; x_wconf 75' lang='lat' dir='ltr'><strong>arcebo</strong></span> <span class='ocrx_word' id='word_1_363' title='bbox 878 4409 1017 4469; x_wconf 67' lang='lat' dir='ltr'><strong>incertisve,</strong></span> <span class='ocrx_word' id='word_1_364' title='bbox 1040 4409 1080 4460; x_wconf 83' lang='lat' dir='ltr'><strong>aed</strong></span> <span class='ocrx_word' id='word_1_365' title='bbox 1099 4407 1241 4460; x_wconf 83' lang='lat' dir='ltr'><strong>vocabulum</strong></span> <span class='ocrx_word' id='word_1_366' title='bbox 1263 4399 1409 4472; x_wconf 64' lang='lat' dir='ltr'><strong>senipeta</strong></span> 
     </span>
     <span class='ocr_line' id='line_1_41' title="bbox 261 4487 1403 4560; baseline -0.005 -12"><span class='ocrx_word' id='word_1_367' title='bbox 261 4511 291 4548; x_wconf 88' lang='lat' dir='ltr'><strong>so</strong></span> <span class='ocrx_word' id='word_1_368' title='bbox 311 4505 394 4557; x_wconf 80' lang='lat' dir='ltr'><strong>sensu,</strong></span> <span class='ocrx_word' id='word_1_369' title='bbox 422 4511 468 4560; x_wconf 84' lang='lat' dir='ltr'><strong>que</strong></span> <span class='ocrx_word' id='word_1_370' title='bbox 494 4495 558 4560; x_wconf 83' lang='lat' dir='ltr'><strong>apud</strong></span> <span class='ocrx_word' id='word_1_371' title='bbox 580 4495 684 4546; x_wconf 77' lang='lat' dir='ltr'><strong>Graecos</strong></span> <span class='ocrx_word' id='word_1_372' title='bbox 708 4493 760 4546; x_wconf 84' lang='lat' dir='ltr'><strong>aius</strong></span> <span class='ocrx_word' id='word_1_373' title='bbox 788 4493 904 4558; x_wconf 82' lang='lat' dir='ltr'><strong>iamporis</strong></span> <span class='ocrx_word' id='word_1_374' title='bbox 930 4491 1125 4556; x_wconf 79' lang='lat' dir='ltr'><strong>intelligebatur,</strong></span> <span class='ocrx_word' id='word_1_375' title='bbox 1150 4491 1177 4542; x_wconf 84' lang='lat' dir='ltr'><strong>ir</strong></span> <span class='ocrx_word' id='word_1_376' title='bbox 1203 4487 1403 4548; x_wconf 71' lang='lat' dir='ltr'><strong>Christianorum,</strong></span> 
     </span>
     <span class='ocr_line' id='line_1_42' title="bbox 261 4569 1408 4644; baseline -0.009 -11"><span class='ocrx_word' id='word_1_377' title='bbox 261 4583 354 4633; x_wconf 86' lang='lat' dir='ltr'><strong>eostam</strong></span> <span class='ocrx_word' id='word_1_378' title='bbox 369 4579 513 4632; x_wconf 84' lang='lat' dir='ltr'><strong>translatum</strong></span> <span class='ocrx_word' id='word_1_379' title='bbox 529 4581 573 4632; x_wconf 89' lang='lat' dir='ltr'><strong>ast.</strong></span> <span class='ocrx_word' id='word_1_380' title='bbox 608 4578 774 4640; x_wconf 81' lang='lat' dir='ltr'><strong>Oi.u1rszoa,</strong></span> <span class='ocrx_word' id='word_1_381' title='bbox 793 4575 1094 4644; x_wconf 66' lang='lat' dir='ltr'><strong>neat-reputavere</strong></span> <span class='ocrx_word' id='word_1_382' title='bbox 1113 4569 1341 4632; x_wconf 68' lang='lat' dir='ltr'><strong>niterentur.</strong></span> <span class='ocrx_word' id='word_1_383' title='bbox 1405 4627 1408 4638; x_wconf 61' lang='grc'><em>,</em></span> 
     </span>
    </p>
   </div>
   <div class='ocr_carea' id='block_1_4' title="bbox 0 0 1634 5102">
    <p class='ocr_par' dir='ltr' id='par_1_5' title="bbox 0 0 1634 5102">
     <span class='ocr_line' id='line_1_43' title="bbox 0 0 1634 5102; baseline 0 0"><span class='ocrx_word' id='word_1_384' title='bbox 0 0 1634 5102; x_wconf 95' lang='lat' dir='ltr'><strong> </strong></span> 
     </span>
    </p>
   </div>
  </div>
 </body>
</html>
