3240 5100
756 291 813 353 llil

216 489 367 550 sociorum
383 488 511 550 invicem
529 497 635 550 mutua
655 489 877 550 consociatione
899 489 1134 570 deprehendisse
1157 495 1173 553 a
1196 491 1291 553 bosco
1313 494 1355 554 vi·

217 595 315 655 detur.
362 592 428 652 Non
454 595 576 654 nomine
602 605 737 662 tontum,
759 595 812 654 sed
834 614 939 675 reapse
965 597 993 656 ei
1016 594 1149 658 Ecclesia
1170 598 1202 656 in
1224 597 1353 658 solidum

217 717 293 767 una,
323 716 417 757 unum
450 717 559 777 corpus
590 710 778 778 compactum
811 709 873 766 est,
910 700 1046 778 adeoque
1069 711 1130 760 tam
1153 719 1270 780 presso,
1292 712 1353 762 tam

218 815 316 872 arcte,
343 805 405 862 tam
434 804 579 864 adstricto
602 802 753 880 denique,
773 803 975 862 indissolubili
1005 803 1068 864 lene
1097 805 1219 865 vinculo
1247 805 1353 864 intime

218 909 385 970 coadunata
409 919 469 976 est,
493 908 524 966 in
546 925 641 966 unum
662 918 833 986 compacta,
855 909 1010 986 copulata,
1033 909 1241 988 conglutinata
1264 919 1355 986 atque

218 1013 404 1080 consociata,
426 1021 460 1070 ut
482 1013 578 1089 major
600 1021 682 1071 certe
705 1011 898 1071 cohaerentia
922 1013 1048 1091 cogitari
1071 1030 1193 1091 prorsus
1216 1022 1355 1090 nequeat.

220 1115 284 1185 Sic,
313 1127 348 1176 ut
376 1106 434 1175 alia
457 1116 610 1183 omittam,
653 1115 836 1176 »infantium
859 1135 931 1176 eura
954 1135 1014 1176 non
1038 1117 1076 1177 ad
1098 1125 1239 1196 parentes
1261 1116 1356 1182 solos,

220 1221 296 1280 »sed
323 1220 360 1280 ad
391 1231 485 1279 totam
515 1218 677 1279 Ecclesiam
704 1239 823 1299 quoque
853 1219 1066 1300 pertinet²);''
1095 1255 1135 1265 —
1165 1218 1355 1299 »Baptismus

221 1343 304 1384 »non
334 1335 453 1383 tantum
482 1324 520 1383 ad
549 1323 753 1392 iniantes‚...
783 1325 835 1403 qui
863 1326 900 1385 ad
923 1327 1006 1384 illum
1030 1323 1214 1391 offeruntur,
1243 1323 1296 1381 sed
1318 1322 1358 1382 ad

221 1427 426 1488 »Catlrolicam
449 1429 541 1487 etiarn
553 1427 663 1488 Christi
686 1427 850 1488 Ecclesiam
869 1430 909 1488 ita
933 1430 1082 1508 pertinet,
1105 1439 1139 1487 ut
1161 1429 1243 1487 illum
1262 1437 1357 1486 totam

221 1552 315 1592 noum
346 1532 484 1592 omnibus
514 1531 642 1592 ubilibet
672 1531 816 1592 membris
845 1534 906 1592 suis
932 1533 1076 1592 mundam
1098 1551 1220 1612 prorsus
1242 1531 1358 1590 censeri
1392 1557 1394 1563 ·

223 1645 393 1703 »tostotur‚
410 1644 441 1694 ct
467 1634 593 1714 proinde
616 1653 680 1694 esse
703 1633 734 1693 id
756 1634 852 1694 debiti
876 1633 1026 1712 ciliciique
1048 1645 1186 1693 nostrum
1209 1636 1359 1703 omnium,

224 1766 235 1793 a
246 1749 279 1798 ut
301 1757 362 1797 non
383 1738 484 1797 rninus
506 1738 591 1796 illum
613 1737 650 1796 ad
673 1755 728 1796 nos
750 1755 853 1796 omncs
876 1727 1030 1816 pertinere
1052 1755 1242 1805 censeamus,
1269 1757 1358 1817 quam

224 1869 235 1896 a
246 1843 271 1902 si
293 1861 353 1902 una
375 1861 442 1901 cum
465 1840 547 1900 hisce
570 1841 736 1901 infantibus
754 1843 868 1921 pariter
886 1861 990 1902 omnes
1009 1841 1300 1922 baptizaremur³);''
1320 1877 1360 1888 -·

224 1947 298 2026 »qui
328 1955 453 2026 peccant
482 1947 513 2004 in
536 1943 671 2004 Ecclesia
689 1946 763 2024 (non
787 1945 978 2026 Ecclesiam),
1001 1946 1087 2025 culpa
1111 1965 1141 2005 se
1163 1945 1245 2006 houd
1268 1945 1359 2005 dubie

223 2051 394 2131 »profanati
424 2051 538 2129 pariter
565 2051 746 2110 sacrosancti
768 2051 924 2129 sanguinis
946 2060 977 2109 ct
999 2051 1132 2130 corporis
1154 2049 1265 2109 Christi
1287 2028 1360 2109 libess

224 2175 313 2215 »rare
333 2173 394 2213 non
413 2163 539 2234 possunt
552 2153 613 2233 l)‚'’
634 2173 667 2212 ao
687 2155 814 2233 proinde
824 2201 831 2222 ,
843 2189 883 2198 -
896 2179 908 2206 r>
919 2156 1045 2234 quisque
1058 2156 1089 2213 in
1102 2153 1234 2214 Ecclesia
1247 2156 1360 2235 cogitet

226 2269 403 2340 »peccatum
431 2259 533 2317 fratris
563 2276 624 2316 non
650 2267 712 2316 tam
734 2259 827 2337 ipsius
850 2259 957 2327 solius,
984 2278 1075 2337 quam
1097 2277 1182 2318 suam
1204 2259 1296 2318 etiam
1319 2269 1374 2316 to·-

226 2365 370 2442 »tiusque
393 2362 469 2422 adeo
491 2360 641 2422 Ecclesiae
664 2381 744 2430 esse,
768 2363 950 2442 utquisque
973 2381 1005 2422 se
1028 2372 1059 2422 et
1082 2373 1177 2422 totam
1199 2359 1362 2420 Ecclesiam

227 2468 281 2526 nin
303 2476 465 2546 conspeetu
487 2464 541 2525 Dei
564 2484 646 2526 ream
669 2485 733 2526 esse
756 2477 870 2526 statuat
883 2467 944 2547 ⁵);''
967 2477 998 2526 ct
1020 2485 1141 2535 rursuS,
1170 2465 1222 2525 ubi
1245 2483 1362 2525 excom·

226 2571 398 2630 munientus
426 2569 546 2649 publice
573 2570 655 2630 edita
684 2571 872 2650 poenitentia
901 2571 932 2629 in
955 2569 1118 2631 Ecclesiam
1140 2570 1302 2649 recipitur,
1324 2603 1364 2614 -—

229 2684 314 2734 »tota
344 2675 435 2733 etiarn
465 2672 598 2734 Ecclesia
624 2674 662 2733 de
684 2685 766 2734 certo
789 2686 982 2754 peecatorum
1003 2675 1238 2734 remissione...
1260 2692 1364 2734 conso·

230 2779 396 2838 »lotionem
425 2779 535 2858 accipit
564 2796 618 2858 per
646 2781 866 2839 attestatoriam
893 2781 975 2840 illam
1001 2791 1192 2860 peecatorum
1214 2779 1365 2838 reinissio·

230 2909 242 2935 »
252 2901 321 2942 nem
343 2893 374 2941 et
393 2901 461 2941 cum
473 2881 606 2942 Ecclesia
624 2882 726 2942 fratris
744 2884 818 2963 lapsi
835 2885 1111 2944 reconciliationem
1123 2883 1176 2962 6).”
1209 2881 1326 2952 Quibus
1340 2884 1364 2942 si

230 2985 384 3046 addideris
410 2967 462 3052 ca,
492 3004 569 3062 quae
595 2986 633 3044 de
662 2985 812 3045 sociorum
837 3005 907 3065 erga
933 2987 1043 3045 iratres
1064 2985 1170 3045 olliciis
1192 2985 1223 3044 in
1246 3003 1364 3063 praece·

230 3091 315 3152 denti
337 3089 357 3170 ᾗ
378 3090 529 3168 disputata
553 3099 640 3158 sunt,
663 3090 796 3168 penitius
818 3088 904 3149 Lasei
926 3101 1058 3150 mentem
1082 3089 1137 3148 tibi
1156 3087 1282 3148 habebis
1300 3105 1365 3166 per·

231 3204 379 3275 spectem,
408 3193 459 3252 ubi
489 3193 638 3252 sociorum
677 3204 814 3252 mutuam
853 3194 1031 3253 relationem
1067 3192 1186 3260 laudat,
1223 3201 1365 3269 tanquam

232 3309 390 3359 »mutuam
412 3299 541 3360 invicem
562 3297 690 3357 fratrum
713 3297 744 3356 in
767 3295 898 3357 Ecclesia
922 3297 1054 3356 omnium
1078 3293 1299 3374 socitatem⁷).''

750 3537 843 3544 ---—·-

587 3703 797 3766 CONCLUSlO
819 3703 966 3766 coritis
988 3704 1035 3766 lV.

275 3916 496 3978 Ecclesiasticoc
524 3914 665 3975 societatis
697 3914 742 3973 t‘as
763 3913 893 3973 ornatibus
922 3913 1064 3991 cornpclt't,
1095 3913 1144 3993 qui
1171 3912 1297 3972 artaudus
1319 3911 1366 3971 lro·
1424 3974 1426 3978 ,

234 4021 307 4083 oresti
331 4021 495 4080 ctoartiracra
523 4037 586 4078 cont
608 4017 739 4078 Ecclesia
765 4017 911 4077 doetrinae
937 4036 1103 4077 consensum
1128 4016 1242 4094 foveant
1264 4021 1289 4074 ct
1312 4013 1366 4074 Ec·

235 4124 402 4186 closiasticis
417 4123 643 4182 corstitutiooibas
661 4121 799 4181 subiicere
817 4141 846 4181 so
863 4121 957 4180 volitet.
988 4120 1048 4198 lpsa‘
1062 4120 1161 4199 fideles
1178 4119 1208 4180 io
1222 4118 1369 4181 Ecclesiae

276 4398 295 4459 ²)
319 4397 404 4446 Forma
421 4409 450 4442 aa
465 4397 513 4442 rai.
530 4392 585 4442 mia.
602 4393 677 4442 aona.
694 4408 717 4457 p.
737 4394 776 4442 86.

275 4479 295 4538 3)
313 4476 349 4524 lb.
367 4492 389 4539 p.
409 4475 465 4523 123.
600 4475 619 4536 ⁴)
637 4476 680 4538 Ep.
698 4475 733 4524 ad
750 4473 903 4526 Caracalli.
922 4475 981 4533 (Ser.
999 4477 1049 4523 ant.
1067 4473 1103 4524 II.
1122 4473 1156 4521 2³.
1175 4474 1250 4535 685.).

277 4559 296 4621 ⁵)
315 4560 400 4609 Forma
417 4575 446 4608 ac
463 4561 509 4608 rai.
528 4557 576 4606 mio
593 4556 667 4606 Iond.
686 4574 709 4622 p.
727 4557 783 4606 311.
889 4553 963 4617 ⁶)1h.
1066 4551 1085 4616 7)
1103 4552 1139 4602 lb.
1157 4570 1180 4619 p.
1199 4555 1255 4605 285.
1352 4557 1354 4564 '
