3228 5102
722 301 758 362 8l

174 517 285 562 sumus.
327 497 371 560 Ne
393 509 493 560 tamen
511 499 561 561 bic
583 499 782 561 subsistamus
804 501 881 561 ratio
903 503 1055 581 postulare
1074 501 1207 568 videtur,
1230 517 1306 578 quae

174 603 298 673 suadet,
319 614 354 664 ut
375 623 455 666 nunc
477 607 536 666 iam
558 624 575 665 e
597 605 705 675 rebus,
727 624 800 684 quas
822 607 885 685 cgit
907 606 970 686 ipse
992 616 1023 666 et
1041 606 1136 666 veluti
1154 603 1306 672 condidit,

175 705 290 768 Calvini
324 709 506 769 sententiam
539 720 760 788 percontemur.
814 708 1003 770 paucissimis
1035 709 1148 778 dicam,
1180 727 1234 768 cur
1265 707 1308 766 ita

174 810 347 872 iaciendum
370 813 509 874 videatur
516 831 524 883 ;
547 813 704 882 videlicet,
716 813 862 893 apertius,
882 823 916 873 ut
927 812 984 874 boe
996 813 1126 894 primum
1138 829 1306 878 sumamus,

174 915 363 995 iungendo,
385 935 475 996 quam
497 917 528 977 in
551 917 725 987 scribendo,
748 917 877 998 prodere
900 936 931 978 se
953 935 1039 978 mens
1060 916 1192 976 bumana
1214 915 1307 982 solct,

175 1020 255 1099 quod
277 1038 314 1081 eo
336 1021 431 1100 magis
452 1021 484 1079 in
506 1031 609 1081 nostra
631 1041 720 1082 causa
742 1023 838 1091 valet,
868 1022 1011 1102 quoniam
1032 1020 1111 1080 liber
1133 1029 1164 1080 et
1186 1017 1307 1098 expedi·

174 1134 225 1184 tus
246 1125 278 1184 in
300 1124 459 1184 scribendo
481 1123 622 1184 Calvinus
643 1143 705 1186 non
727 1136 800 1186 erat.
843 1125 959 1206 Duplex
978 1126 1006 1186 ei
1025 1125 1171 1186 continuo
1189 1124 1307 1183 allatra-

175 1227 227 1287 bat
255 1227 368 1294 hostis,
397 1240 428 1288 et
454 1238 515 1289 tam
542 1227 777 1290 Romanensium
805 1231 918 1291 vetusti
948 1248 1081 1299 errores,
1113 1247 1201 1308 quam
1224 1227 1310 1286 inno·

175 1331 312 1392 vationes
334 1331 599 1414 Anabaptistarum
621 1333 733 1414 ubique
755 1335 890 1395 locorum
911 1335 1090 1395 refutandae
1113 1353 1146 1394 ac
1164 1331 1309 1413 perstrin-

178 1436 294 1516 gendae
324 1446 419 1497 erant.
462 1436 622 1497 Praeterea
640 1437 808 1498 doctrinam
828 1457 912 1498 suam
935 1457 956 1498 s.
978 1439 1145 1517 scripturae
1166 1446 1310 1514 tanquam

176 1559 278 1601 veram
307 1551 398 1620 atque
424 1539 562 1601 stabilem
585 1541 751 1620 approbare
773 1543 864 1610 solet,
894 1560 953 1620 quo
983 1542 1111 1610 iactum,
1141 1550 1175 1600 ut
1197 1540 1309 1600 diserta

176 1645 246 1706 novi
275 1643 406 1704 foederis
435 1644 607 1703 testimonia
636 1661 697 1702 non
727 1644 819 1702 semel
844 1661 914 1702 eum
936 1663 952 1702 a
974 1642 1071 1703 deviis
1092 1641 1311 1702 revocaverint.

178 1747 318 1816 Accedit,
347 1746 429 1826 quod
458 1747 489 1806 in
519 1746 706 1805 accuratiore
735 1745 881 1826 pristinae
908 1745 964 1806 sub
986 1745 1137 1825 Apostolis
1159 1743 1311 1803 Ecclesiae

178 1849 381 1910 delineatione
404 1859 582 1929 occupatus,
604 1849 740 1909 historici
762 1851 916 1910 interdum
938 1849 1054 1929 potius,
1077 1868 1169 1928 quam
1191 1849 1312 1928 dogma·

179 1953 231 2013 tici
260 1963 361 2033 partes
390 1953 529 2012 sustinet.
573 1951 631 2012 Res
659 1971 780 2032 quoque
802 1953 969 2032 gravissimi
991 1953 1137 2014 momenti
1159 1951 1201 2010 ita
1224 1969 1312 2029 saepe

179 2057 354 2136 dirempsit,
384 2065 418 2115 ut
447 2057 673 2116 scolasticorum
703 2057 821 2136 placitis
843 2057 968 2115 nimium
996 2055 1259 2135 saepe-irretitus,
1281 2054 1313 2112 in

178 2160 396 2240 magniloquis,
436 2161 571 2220 obscuris
600 2180 634 2220 ac
670 2161 753 2240 vagis
785 2153 904 2220 dicendi
939 2159 1092 2220 interdum
1127 2157 1312 2236 acquieverit

179 2263 332 2333 formulis,
362 2264 443 2342 quod
472 2283 529 2324 usu
558 2265 648 2324 tritae
678 2274 765 2324 erant
792 2275 882 2342 atque
909 2263 1091 2342 divulgatae.
1135 2260 1218 2320 Tunc
1240 2278 1312 2339 quo·

179 2386 238 2444 que
267 2367 298 2428 in
329 2368 447 2448 scriptis
476 2369 537 2427 suis
566 2367 641 2428 haec
670 2369 720 2428 illa
750 2368 969 2448 praetermisit,
999 2376 1051 2426 aut
1072 2365 1171 2426 obiter
1194 2372 1313 2424 tantum

180 2471 297 2552 attigit,
327 2490 405 2550 quae
435 2472 562 2532 subinde
585 2473 616 2531 in
639 2472 737 2550 praxi.
766 2471 817 2532 ubi
841 2471 933 2551 probe
955 2471 1056 2530 omnia
1078 2457 1241 2530 cohaerere
1264 2468 1314 2527 de·

179 2573 269 2643 bent,
290 2584 321 2634 et
343 2573 420 2633 nihil
442 2575 552 2634 sinitur
573 2573 781 2643 indefinitum,
804 2575 974 2635 accuratius
992 2574 1128 2654 exposita
1146 2572 1315 2652 deprehen·

180 2676 295 2736 duntur
308 2677 337 2758 ¹).
380 2676 608 2738 Observandum
641 2679 772 2757 denique
805 2690 886 2747 erat,
919 2679 1000 2757 quod
1032 2679 1064 2736 in
1096 2677 1313 2757 compositione

180 2792 319 2842 versatur
344 2782 510 2861 disputatio
531 2792 642 2842 nostro.
686 2781 725 2842 Ut
747 2801 861 2861 acquae
883 2783 977 2861 igitur
999 2781 1133 2840 trutinae
1155 2781 1314 2858 utriusque

180 2885 386 2946 reformatoris
409 2887 558 2946 sententia
581 2886 819 2966 appenderetur,
849 2887 957 2946 similia
980 2885 1099 2946 nonnisi
1122 2905 1190 2945 oum
1212 2883 1315 2944 simili·

181 2987 238 3048 bus
270 2989 400 3048 conierri
433 2999 581 3069 poterant.
624 2989 712 3070 Apud
744 2991 761 3048 i
793 2988 886 3049 Lusco
915 3001 1016 3050 autem
1045 2990 1099 3049 tali
1127 2987 1315 3048 distinctioni

182 3091 332 3152 theoriam
354 3093 435 3152 inter
456 3103 487 3152 et
509 3094 632 3172 praxin,
660 3095 759 3152 locum
782 3112 842 3153 non
865 3093 946 3164 dari,
973 3093 1044 3152 iacit
1065 3093 1210 3160 sontium,
1232 3091 1314 3152 unde

181 3196 247 3255 eius
269 3196 406 3256 doctrina
427 3196 583 3266 hauritur,
606 3207 714 3256 natura
737 3215 770 3257 ac
792 3198 870 3256 ratio
882 3197 920 3278 ²),
941 3196 1012 3256 iacit
1034 3208 1065 3255 et
1087 3214 1189 3254 rerum
1211 3195 1313 3256 condi·

182 3299 241 3367 tio,
270 3318 328 3378 qua
352 3317 424 3360 usus
445 3311 499 3360 cst.
543 3301 581 3362 Ut
603 3302 698 3381 igitur
719 3321 787 3361 cum
809 3301 924 3361 Calvini
947 3302 984 3361 dc
1007 3300 1140 3360 Ecclesia
1162 3299 1314 3374 sententia

183 3420 221 3461 cx
242 3421 339 3482 aequo
361 3401 446 3464 Lusci
468 3414 599 3484 systema
620 3405 785 3484 comparari
803 3414 910 3484 queat,
933 3404 1048 3465 Calvini
1067 3423 1186 3483 quoquc
1206 3402 1316 3482 agendi

183 3507 260 3566 ratio
287 3507 472 3585 paucissimis
494 3507 639 3567 illustrari
662 3509 762 3569 debet.
805 3507 917 3568 Ordine
939 3508 1033 3587 igitur
1055 3507 1244 3586 inquiretur,
1274 3508 1315 3565 l⁰.

184 3626 333 3687 quaenam
369 3609 521 3669 Ecclesiae
549 3609 645 3670 forma
675 3631 739 3672 sesc
769 3612 869 3691 prodit
898 3612 929 3672 in
958 3611 1076 3671 libello:
1115 3609 1318 3670 Ordottouttccs

185 3709 424 3797 Ecclc'siostiqnos
454 3713 491 3772 de
526 3714 648 3783 Gentem
685 3717 727 3774 2⁰.
760 3716 910 3794 quomodo
943 3716 974 3774 in
1003 3716 1065 3795 ipsa
1095 3713 1316 3776 Genovensium

226 3992 245 4054 1)
264 3991 353 4041 Contra
374 4006 441 4056 saepe
463 4007 556 4056 qnoque
582 3992 711 4056 temporis,
735 4005 781 4055 quo
803 3989 909 4050 vivebat,
934 3989 1052 4039 rationem
1075 3989 1228 4054 impedivisse
1252 4005 1318 4050 enm,

184 4074 316 4139 quominus,
329 4073 402 4122 talem
419 4077 514 4138 tamque
531 4073 560 4122 ab
580 4073 646 4122 omni
668 4076 735 4138 parte
752 4073 881 4138 perlectam
904 4072 1041 4121 institueret
1058 4071 1202 4132 Ecclesiam,
1225 4070 1320 4134 qualem

184 4155 237 4222 ipae
258 4155 427 4218 exoptavisaet,
445 4152 547 4203 libenter
567 4155 683 4215 concedo,
705 4171 780 4218 neque
798 4154 894 4220 praevia
911 4153 1093 4202 ratiocinatione
1105 4167 1191 4216 negare
1203 4153 1228 4202 in
1240 4154 1320 4206 auimo

185 4243 243 4292 erat.
272 4237 325 4286 Hoc
341 4241 436 4286 tantum
451 4236 525 4288 volui.
555 4238 653 4303 Saepius
668 4238 694 4286 in
706 4237 825 4294 Ecclesia,
843 4252 913 4301 quam
927 4235 978 4301 ipse
991 4236 1108 4297 condidit,
1126 4235 1211 4285 melius
1225 4235 1322 4284 calvini

186 4321 306 4384 cogitandi
322 4320 437 4369 rationem
455 4320 563 4382 cognosci
579 4337 660 4385 posse,
678 4336 749 4387 quam
766 4319 793 4367 in
811 4319 907 4384 scriptis
924 4319 1013 4384 ipsius,
1031 4317 1072 4367 ubi
1089 4318 1165 4367 libere
1179 4323 1241 4368 certe
1257 4317 1322 4366 meuss

185 4409 235 4454 tem
253 4419 321 4453 suam
336 4419 384 4451 non
401 4402 511 4452 excussit.

227 4488 246 4549 ²)
266 4487 387 4537 Nimirum
407 4502 488 4536 ornnes
508 4487 556 4534 lere
571 4485 650 4534 libelli
667 4490 736 4548 sunt,
755 4500 813 4551 qnos
830 4485 969 4548 conscripsit
987 4485 1013 4532 in
1035 4497 1105 4532 usum
1120 4482 1262 4546 liturgicum
1278 4481 1322 4529 Ec-

188 4567 325 4630 clesiarum,
342 4567 429 4634 quibua
446 4568 508 4618 aerio
525 4567 637 4632 praefuit.

1175 4651 1186 4688 s
