3240 5100
785 277 844 338 188

248 485 290 546 sic
311 483 410 545 dictae
431 480 553 542 diderat
575 479 641 542 eius
661 480 809 553 Ecclesia,
838 479 924 540 dubii
950 499 1056 541 revera
1078 480 1272 551 haereamus;
1301 480 1385 542 deni·

248 607 307 668 que
335 587 454 647 tristem
477 604 596 666 quoque
618 585 909 665 particularismum,
938 603 998 664 quo
1026 586 1121 666 magis
1150 605 1221 646 sane
1243 583 1385 645 Christia-

247 692 338 752 nismi
360 691 480 770 spiritui
503 689 596 750 officit
618 688 710 758 nihil,
739 690 771 748 in
794 689 923 748 Ecclesia
947 707 1001 748 sue
1022 689 1166 750 invisibili
1189 700 1312 750 strenue
1335 690 1385 750 de-

249 795 362 865 fendit,
385 805 475 873 atque
499 794 575 854 adeo
597 794 765 874 gravissimi
787 792 929 853 Iudaismi
951 793 1063 854 erroris
1084 794 1116 854 in
1135 794 1283 854 Ecclesiae
1302 794 1386 854 Chri-

250 899 347 960 stiana
379 898 481 958 fautor
512 893 631 958 exstitit
659 916 692 957 ac
721 907 875 977 patronus.
918 895 1030 967 Quodsi
1053 907 1229 978 reputemus
1250 900 1281 958 in
1303 898 1385 959 hisce

251 1003 391 1064 omnihus
413 1021 448 1062 ea
473 1002 591 1062 ratione
613 1001 651 1061 ab
672 1019 709 1062 eo
731 999 857 1061 Luscum
879 1000 1048 1070 discedere,
1071 1003 1152 1082 quod
1173 1003 1268 1082 ipsius
1290 1004 1385 1062 Euan·

251 1107 323 1188 gelli
345 1107 496 1186 propriam
518 1125 552 1166 ac
573 1106 689 1186 privam
710 1106 806 1165 veluti
828 1104 961 1164 indolem
990 1105 1098 1165 melius
1125 1107 1229 1186 utique
1251 1125 1387 1187 perspec-

252 1220 313 1271 tam
335 1210 391 1270 sihi
417 1209 575 1278 habuerit,
598 1210 694 1270 veteri
715 1209 847 1270 foederis
869 1209 1080 1269 auctoritatem
1103 1210 1141 1270 ad
1163 1209 1274 1270 Christi
1297 1209 1387 1269 effata

251 1314 364 1392 ubique
386 1314 522 1374 locorum
544 1323 682 1382 revocet,
704 1323 828 1374 strenue
851 1333 969 1394 sempor
990 1312 1191 1373 Christianam
1213 1314 1387 1374 libertatern

252 1428 283 1479 et
302 1419 412 1478 acriter
430 1417 618 1482 defenderit,
637 1417 799 1496 legalitatis
810 1417 957 1497 principio
968 1418 1093 1497 spiritus
1105 1418 1310 1497 operationem
1327 1419 1387 1498 ple-

252 1541 380 1602 rumque
403 1521 611 1590 substituerit,
632 1520 782 1581 humanae
805 1531 931 1581 naturae
954 1521 1085 1600 benigne
1104 1521 1135 1580 in
1154 1521 1297 1582 universo
1319 1539 1387 1580 con·

252 1623 380 1686 sulucrit
408 1635 439 1685 et
468 1625 500 1684 in
529 1625 683 1685 societatis
713 1625 860 1684 Ecclesiae
882 1625 1007 1685 notione
1030 1625 1144 1684 tuenda
1166 1633 1248 1684 totus
1271 1643 1389 1704 semper

252 1728 346 1788 luerit
375 1739 465 1808 atque
487 1729 639 1797 assiduns;
662 1747 782 1788 omnem
805 1747 895 1808 porro
917 1729 1147 1808 qualencunque
1170 1729 1334 1809 cuiuspiam
1357 1731 1389 1789 in

253 1832 364 1893 divinis
385 1834 597 1894 auctoritatem
619 1851 778 1912 respuere,
800 1851 871 1912 prae
894 1843 996 1893 saneta
1012 1831 1066 1892 Dei
1085 1834 1129 1893 ira
1147 1842 1305 1912 paternum
1324 1834 1390 1894 eius

253 1955 400 2006 amorem,
432 1956 503 2016 prae
533 1936 688 1996 doctrinae
715 1935 809 2014 ipsius
830 1935 933 1994 valorc
956 1935 1078 1994 virtutis
1100 1935 1251 2013 praetium
1280 1934 1390 1996 efferre

254 2040 366 2108 soleat,
381 2049 413 2100 ct
432 2039 469 2098 ab
488 2039 569 2099 omni
581 2037 821 2118 particularismo
833 2037 926 2098 luerit
938 2057 1056 2118 semper
1075 2039 1288 2108 alienissimus;
1307 2041 1391 2100 nullo

254 2145 386 2224 denique
406 2144 520 2204 ordinis
535 2143 895 2204 discrimineaministris
914 2143 1026 2210 socios,
1048 2161 1147 2222 neque
1166 2162 1183 2202 a
1202 2142 1286 2202 verbi
1304 2143 1392 2204 mini·

255 2249 326 2308 stris
344 2249 538 2329 presbyteros
554 2248 728 2308 distinxerit
745 2257 835 2326 atquc
847 2247 988 2306 diaconos
998 2270 1005 2324 ;
1026 2256 1057 2306 et
1068 2247 1259 2326 magistratui
1270 2249 1391 2308 nonnisi

255 2352 334 2412 circa
353 2371 435 2414 sacra
454 2353 501 2413 ius
517 2353 548 2412 in
560 2352 720 2412 Ecclesiam
733 2349 933 2411 Christianam
945 2351 1130 2430 permiserim
1141 2386 1182 2396 —
1193 2352 1231 2420 si,
1251 2353 1390 2431 inquam,

252 2456 335 2516 varia
351 2455 426 2516 haec
437 2457 623 2517 diversitatis
635 2456 715 2515 inter
727 2465 890 2534 utrumque
903 2455 1130 2526 reformatorem
1144 2456 1255 2517 indicia
1266 2457 1297 2516 in
1309 2455 1391 2516 hunc

251 2559 374 2620 modum
404 2560 521 2639 digesta
551 2569 642 2639 atque
672 2559 817 2638 disposita
839 2561 940 2620 animo
963 2561 1075 2619 iterum
1097 2560 1269 2640 iterumque
1292 2563 1390 2622 volva·

251 2679 335 2730 muS,
364 2661 476 2742 absquo
506 2663 566 2722 ulla
594 2662 796 2723 haesitatione
819 2663 968 2724 affirmare
990 2665 1102 2734 ausim,
1132 2665 1163 2724 in
1186 2664 1344 2735 Iudaismi,
1373 2687 1390 2726 a

252 2761 492 2826 Romanensibus
506 2767 667 2836 mutuatis,
687 2767 839 2846 vestigiis,
861 2787 937 2846 quae
957 2769 987 2827 in
1006 2767 1121 2828 Calvini
1142 2769 1271 2828 Ecclesia
1283 2768 1389 2829 ubiubi

252 2867 474 2948 deprehendas,
496 2870 642 2930 radicitus
664 2879 769 2930 contra
788 2871 904 2950 expulit
923 2872 1101 2952 plerumque
1120 2873 1135 2930 a
1155 2870 1264 2941 Lasco,
1287 2892 1389 2932 veram

252 2989 308 3030 nos
329 2989 519 3033 communem
542 2975 695 3053 aperuisse
718 2973 849 3042 iontem,
875 2975 957 3035 unde
980 2977 1076 3035 omnis
1098 2977 1264 3056 repetenda
1285 2977 1324 3036 sit
1345 2978 1388 3037 di·

253 3075 394 3145 versitas,
427 3095 517 3155 quam
545 3077 627 3137 inter
658 3075 773 3137 Calvini
802 3075 948 3157 Lascique
977 3078 1015 3138 de
1045 3080 1176 3140 Ecclesia
1205 3081 1387 3142 sententiam

253 3177 443 3241 intercedere
465 3181 648 3261 praecedens
669 3180 773 3242 docuit
794 3181 973 3261 disquisitio.
1002 3226 1004 3230 ψ
