3240 5100
737 293 792 354 l8l

200 503 286 555 turae
317 495 490 556 testimonio
519 496 598 558 tradi
627 495 768 558 fidelibus
796 497 892 558 iussit.
914 532 955 543 —
976 496 1081 559 llelius
1110 497 1181 560 sane
1203 499 1220 558 a
1242 498 1336 560 Lasco

201 598 424 659 Christianismi·
449 598 581 658 indolem
611 599 779 678 perspexit,
808 600 859 678 qui
889 609 971 660 vetat
1000 602 1038 662 ad
1066 601 1148 662 hunc
1169 603 1291 663 illumve
1313 621 1335 662 s.

201 705 366 782 scripturae
398 704 496 762 locum
526 703 695 782 promiscue
723 721 903 782 provocare,
932 705 984 764 sed
1013 705 1044 764 in
1074 705 1213 766 omnibus
1242 707 1336 768 totius

129 810 135 820 ’
201 808 367 886 scripturae
389 824 568 866 consensum
589 805 683 886 probe
705 807 925 868 observandum
948 827 1012 868 esse
1035 809 1195 869 existimat.
1231 807 1337 888 Itaque

199 911 312 971 veteris
340 911 514 970 testamenti
543 911 653 980 libros,
680 909 804 992 (quibus
831 912 951 971 nonnisi
979 911 1104 972 umbrae
1127 911 1246 992 typicae
1268 931 1337 972 con·

202 1016 353 1084 tinentur,
375 1034 452 1094 quae
475 1015 512 1075 ad
535 1013 688 1075 Christum
711 1026 874 1076 venturum
895 1035 951 1076 nos
971 1017 1166 1096 monstrant),
1188 1016 1280 1094 inque
1302 1017 1339 1078 iis

172 1118 418 1199 ’prophetarmn
446 1119 477 1179 in
507 1121 610 1200 primis
638 1119 807 1180 doctrinam
834 1120 935 1200 magni
963 1121 1086 1199 quidem
1112 1119 1200 1188 lacit,
1221 1130 1253 1179 et
1274 1129 1339 1180 tan·

202 1242 291 1302 quam
310 1222 363 1284 Dei
383 1224 549 1284 voluntatis
568 1225 785 1285 revelationem
804 1234 984 1294 veneratur,
1006 1243 1042 1285 co
1061 1235 1163 1285 tamen
1182 1214 1285 1304 pacto,
1307 1235 1342 1284 ut

202 1327 282 1387 dicta
304 1346 409 1388 eorum
432 1327 543 1388 Christi
566 1329 659 1408 ipsius
682 1328 838 1388 doctrinae
865 1329 1085 1408 approbentur,
1108 1328 1227 1408 qualem
1250 1329 1341 1390 tradi-

202 1431 314 1492 derunt
336 1451 402 1492 eam
424 1431 511 1492 nobis
533 1431 747 1512 Euangelistae
769 1442 801 1492 et
823 1431 966 1512 Apostoli.
1000 1432 1106 1492 Totius
1123 1442 1225 1492 autem
1243 1430 1342 1492 Euan·

137 1512 143 1522 ⁸
202 1534 273 1614 gelli
292 1552 438 1594 summam
458 1533 540 1595 Petri
558 1535 684 1594 solemni
703 1533 741 1593 de
760 1532 880 1593 Christo
898 1533 1086 1594 consessione
1105 1535 1255 1594 contineri
1274 1555 1342 1595 cen·

203 1648 264 1707 set,
295 1657 388 1717 quae,
414 1646 448 1696 ut
471 1647 502 1696 et
530 1638 628 1716 ipsum
657 1636 873 1717 Euangelium,
902 1638 1033 1698 exclusis
1054 1638 1181 1718 reliquis
1203 1639 1342 1700 omnibus

201 1743 232 1802 in
265 1740 392 1822 publicis
427 1740 622 1800 concionibus
653 1741 775 1800 dicendi
806 1741 964 1801 materiem
997 1759 1082 1800 sacro
1115 1744 1228 1803 oratori
1257 1763 1341 1823 prae·

201 1845 274 1906 bere
307 1845 413 1914 debet,
446 1854 477 1904 et
513 1845 545 1903 in
578 1842 757 1904 Catechismi
790 1863 910 1924 quoque
941 1845 1142 1924 explicatione
1174 1847 1342 1908 desiderari

201 1969 262 2010 non
292 1959 406 2030 potest,
443 1959 477 2009 ut
509 1948 594 2009 verbi
627 1947 680 2009 Dei
714 1951 878 2010 auctoritas
910 1950 991 2009 salva
1023 1959 1143 2010 constet
1175 1959 1266 2030 atque
1299 1952 1343 2011 in-

202 2057 342 2116 columes.
375 2088 416 2098 —
448 2052 576 2112 Austera
616 2062 724 2132 regnat
760 2053 839 2132 apud
874 2051 1031 2112 Calvinum
1066 2055 1098 2113 in
1135 2071 1220 2113 sacro
1258 2053 1343 2112 cultu

202 2157 365 2224 sobrietaS,
404 2163 435 2214 et
474 2154 590 2214 stabilis
630 2155 889 2214 caeremoniarum
930 2156 1026 2215 forma
1066 2155 1098 2214 in
1129 2157 1218 2216 laude
1251 2155 1342 2217 babe-

199 2271 258 2320 tur.
290 2261 307 2319 a
337 2257 431 2320 Lasco
460 2257 624 2318 sobrietate
654 2259 754 2318 cultus
782 2257 939 2318 Calvinum
968 2260 1059 2318 etiam
1089 2259 1261 2339 egreditur,
1288 2260 1342 2320 sed

198 2365 323 2424 damnat
351 2381 504 2423 sacrorum
531 2361 646 2422 rituum
672 2363 1036 2432 nimiamtstabilitatem,
1058 2365 1167 2443 quippe
1190 2365 1342 2424 conscien-

198 2468 259 2527 tiae
289 2467 424 2526 libertati
455 2466 598 2526 damnum
627 2465 825 2534 inferentem,
853 2477 884 2526 et
906 2467 1116 2547 procliviorem
1138 2467 1176 2527 ad
1198 2469 1341 2548 supersti-

197 2572 320 2632 tionem.
343 2605 384 2615 —
405 2569 546 2630 Calvinus
568 2579 754 2629 sacramenta
777 2571 809 2630 in
827 2568 960 2630 Ecclesia
979 2571 1133 2630 celebrare
1152 2570 1253 2640 iubet,
1276 2582 1340 2631 tan·

197 2694 286 2754 quam
316 2683 441 2734 externa
468 2671 621 2752 symbola,
643 2690 735 2750 quae,
757 2672 782 2731 si
804 2691 873 2731 cum
895 2671 955 2731 fide
977 2682 1176 2750 usurpantur,
1197 2673 1229 2732 id
1251 2673 1339 2734 nobis

198 2797 302 2858 reapse
324 2777 519 2856 impertiunt,
541 2775 622 2854 quod
645 2773 825 2854 significant.
863 2773 966 2853 Aquae
989 2776 1136 2835 tinctione
1159 2775 1337 2836 inseruntur

196 2882 327 2942 infantes
355 2882 386 2940 in
416 2878 568 2939 Ecclesiae
597 2897 720 2958 corpus,
742 2887 773 2938 et
795 2879 827 2938 in
849 2897 941 2938 coena
964 2897 1063 2948 sacra,
1085 2880 1157 2939 dum
1179 2899 1256 2959 pane
1278 2882 1337 2940 uti·

195 3005 264 3046 mur
286 3005 319 3044 ac
342 2985 424 3052 vino,
447 2981 585 3042 Christus
607 2981 751 3042 Dominus
773 3001 894 3042 earnem
917 3001 1001 3042 suam
1024 3001 1057 3042 ac
1079 2983 1256 3062 sanguinem
1279 2985 1335 3062 spi·

194 3089 347 3150 ritualiter
379 3087 410 3146 in
443 3105 548 3146 verum
581 3087 699 3146 animae
728 3085 828 3146 cibum
861 3087 898 3146 iis
926 3087 1067 3156 exhibet,
1096 3087 1148 3166 qui
1177 3107 1245 3147 cum
1273 3086 1334 3147 fide

195 3211 306 3253 coenae
334 3189 532 3251 celebrationi
555 3189 663 3250 adsint.
706 3188 783 3249 Vere
806 3189 960 3250 salutifera
982 3191 1078 3270 igitur
1099 3191 1144 3251 vis
1166 3210 1333 3252 sacramen·

194 3298 233 3357 tis
261 3295 417 3362 inhaeret,
444 3312 535 3372 quare
563 3293 675 3372 absque
697 3294 818 3353 illorum
840 3312 898 3352 usu
919 3303 1062 3354 aeternae
1084 3295 1189 3354 salutis
1211 3295 1249 3354 ad
1271 3296 1332 3374 ple·

193 3419 266 3460 num
286 3417 381 3478 usque
400 3398 550 3477 particeps
568 3397 655 3457 reddi
674 3407 775 3476 potest
793 3415 882 3456 nemo
895 3397 925 3478 1).
958 3399 1055 3458 Aliter
1073 3399 1207 3458 censetis
1224 3397 1331 3468 Lasco,

193 3505 245 3584 qui
274 3505 352 3584 ipsas
381 3521 479 3562 sacras
505 3503 639 3561 actiones
660 3501 766 3581 (aquae
789 3519 827 3560 sc.
851 3501 1014 3562 tinctionem
1035 3513 1066 3562 et
1088 3505 1173 3582 panis
1194 3502 1330 3563 distribu-

193 3607 325 3682 tionem),
343 3625 404 3666 non
423 3615 524 3666 autern
544 3614 801 3666 sacramentorum
820 3606 985 3674 elementa,
1004 3606 1139 3686 symbola
1162 3625 1227 3667 esse
1242 3615 1329 3686 putat

191 3712 342 3791 mysterii,
368 3711 454 3770 cuius
482 3709 638 3789 promissio
666 3708 807 3769 fidelibus
836 3708 1021 3788 obsignatur.
1063 3709 1160 3790 Negat
1181 3729 1234 3790 per
1255 3707 1328 3790 Bap-

191 3817 272 3876 tismi
301 3834 388 3875 usum
409 3815 504 3874 inseri
524 3831 579 3874 nos
600 3814 632 3872 in
654 3811 805 3872 Ecclesiae
826 3815 1080 3884 communionem
1102 3823 1194 3894 negat
1215 3813 1328 3874 Christi

191 3937 312 3980 carnem
340 3937 375 3978 ac
403 3917 597 3997 sanguinem,
623 3925 766 3995 tanquam
796 3934 844 3976 res
866 3934 1038 3996 corporeas,
1060 3916 1196 3978 fidelium
1218 3918 1326 3978 animis
1420 3913 1424 3918 ’

191 4025 223 4084 in
252 4023 352 4083 cibum
381 4022 445 4081 ullo
472 4019 564 4080 modo
593 4018 731 4080 exhiberi
760 4037 854 4098 posse.
897 4019 1000 4100 Aquae
1023 4021 1129 4081 tinctio
1150 4021 1325 4083 insitionem

219 4228 240 4291 ¹)
258 4227 294 4278 Gi.
321 4225 434 4290 inprimis
457 4224 516 4273 haec
539 4223 590 4272 eius
614 4222 698 4272 verba:
721 4223 760 4274 Sic
785 4223 914 4272 tenendum
938 4225 986 4281 est,
1016 4223 1272 4280 „communicationem
1296 4227 1323 4274 in

195 4325 286 4367 „coena
311 4306 445 4357 confirmari
470 4309 494 4355 et
518 4306 611 4369 augeri.
644 4305 749 4356 Tametsi
768 4306 833 4355 enim
851 4309 904 4355 tum
923 4305 951 4354 in
970 4306 1106 4371 Baptismo,
1128 4309 1180 4356 tum
1200 4307 1227 4356 in
1246 4306 1324 4357 Euan·

192 4391 274 4456 „gelio
292 4391 362 4440 nobis
382 4389 507 4440 exhibetur
524 4388 648 4449 Christus,
670 4405 725 4438 eum
745 4391 888 4438 tamennon
907 4389 1037 4454 recipimus
1053 4393 1144 4450 totum,
1162 4390 1203 4439 sed
1217 4405 1245 4438 ex
1256 4393 1323 4455 parte

193 4467 331 4532 „tantum”
365 4471 431 4536 Quae
451 4471 523 4520 verba
541 4471 646 4520 citantur
663 4471 726 4536 apud
742 4484 858 4532 ansano,
875 4471 920 4521 das
937 4473 1027 4538 Dopma
1045 4473 1087 4523 des
1101 4473 1134 4525 H.
1151 4473 1321 4534 Abendmcttc,

192 4557 243 4607 uod
256 4573 277 4606 s.
297 4555 380 4605 Geact.
397 4554 432 4604 11.
450 4554 507 4603 454.
