3240 5100
838 265 876 326 aa

731 497 900 571 CAPUT
934 497 988 571 ll.

392 703 509 750 etcum
537 702 574 744 nn
603 702 722 746 recussa
752 701 931 754 sunrcnru,
961 701 1081 752 ouennu
1105 698 1211 743 rnonrr
1237 699 1270 742 sn
1296 695 1347 756 nr,

512 805 603 850 rrsrus
625 807 655 850 na
677 805 758 850 nece.
780 803 885 848 onnus.
907 786 1207 868 aeunn1nerronn1).

793 1017 927 1038 m

627 1193 648 1276 d
670 1195 700 1254 l,
740 1193 784 1256 lle
804 1191 953 1256 Ecclesiae
973 1195 1094 1257 radiare.

334 1400 437 1472 Qualis
466 1400 506 1463 sit
534 1398 686 1460 Ecclesiae
711 1399 812 1470 notio,
845 1399 959 1480 optime
987 1406 1202 1480 cognoscetur,
1225 1398 1250 1460 si
1271 1399 1310 1463 de
1337 1399 1429 1462 huius

291 1505 443 1568 Ecclesiae
465 1503 542 1574 fine,
565 1504 603 1564 de
625 1505 768 1574 consilio,
789 1505 870 1584 quod
892 1505 950 1566 sibi
973 1505 1161 1585 propositum
1178 1503 1287 1573 babet,
1310 1521 1429 1565 accura-

291 1611 353 1672 tius
375 1609 555 1689 inquisitum
577 1609 645 1669 crit.
687 1606 850 1670 Videamus
870 1609 965 1688 igitur
983 1609 1014 1668 in
1037 1625 1127 1688 quern
1148 1606 1241 1668 finem
1263 1605 1430 1669 tetenderit

291 1713 441 1781 Ecclesia,
472 1731 547 1791 quae
575 1712 755 1772 moderante
785 1711 908 1772 Caluino
938 1711 1077 1772 Genauae
1106 1711 1227 1772 condita
1253 1720 1301 1771 cst
1323 1729 1357 1771 ac
1377 1709 1430 1772 fio

292 1817 364 1879 ruit.
408 1813 476 1876 Scio
508 1835 524 1876 a
554 1815 706 1895 plerisque
737 1816 828 1896 uulgo
861 1815 943 1876 hune
973 1815 1065 1876 finem
1094 1816 1185 1877 unice
1211 1813 1431 1895 propemodum

291 1921 437 1984 moralem
468 1921 561 1981 luisse
593 1919 765 2000 perhiberi,
797 1939 853 1981 nec
882 1921 962 2000 sugit
990 1937 1039 1980 me
1066 1919 1160 1980 huius
1191 1919 1305 1980 erroris
1333 1937 1431 1980 causa.

294 2024 394 2095 Quum
413 2023 503 2086 initio
525 2025 619 2085 seculi
641 2023 703 2084 xusi
724 2023 830 2084 ubiubi
853 2043 907 2104 per
928 2023 1078 2104 Europam
1097 2023 1154 2084 uiri
1173 2023 1360 2093 existerunt,
1380 2024 1432 2103 qui

291 2127 511 2190 abominandae
535 2118 569 2189 in
595 2129 775 2210 religionem
797 2127 998 2188 Christianam
1020 2127 1078 2187 sub
1099 2135 1209 2206 papatu
1231 2127 1431 2188 contumeliae

291 2233 451 2314 plusquam
482 2230 630 2310 pertaesi,
662 2227 815 2290 Romanae
843 2228 1032 2290 hierarchiae
1061 2229 1166 2309 iugum
1195 2229 1277 2289 serre
1305 2229 1432 2309 amplius

291 2335 490 2402 recusabant,
519 2342 550 2393 et
578 2343 642 2397 tam
670 2333 727 2394 sibi
750 2352 841 2412 quam
862 2333 929 2394 aliis
951 2333 1066 2413 regiam
1089 2332 1257 2413 perfidem
1279 2333 1317 2393 ad
1339 2331 1433 2393 Deum

293 2441 411 2521 aperire
438 2438 539 2498 denuo
561 2435 752 2498 conabantur
774 2437 870 2504 uiam,
899 2435 1012 2516 ubique
1035 2437 1174 2497 uidemus
1195 2433 1433 2504 Reformatores,

295 2542 403 2606 codem
425 2540 474 2602 uel
496 2539 587 2600 simili
609 2549 640 2602 et
662 2539 745 2602 affini
766 2549 849 2602 certe
872 2539 1024 2620 proiectos
1045 2541 1211 2620 principio,
1237 2540 1365 2602 similem
1387 2547 1434 2599 ut

294 2655 365 2728 poto
386 2630 473 2706 ¹uiam
501 2643 669 2724 ingressos,
693 2643 736 2704 ita
765 2644 797 2706 in
825 2662 879 2706 sua
901 2663 1053 2724 quemque
1074 2643 1206 2705 Ecclesia
1228 2653 1434 2725 satagentem,

293 2759 328 2810 ut
356 2767 419 2810 non
448 2757 509 2808 tam
538 2747 643 2828 procul
672 2746 709 2810 ab
739 2747 836 2808 altero
865 2749 942 2810 alter
972 2749 1085 2811 distare
1114 2749 1263 2810 uideatur.
1308 2748 1344 2810 In
1371 2763 1433 2808 uno

294 2852 417 2914 Caluino
447 2861 548 2912 tamen
571 2851 691 2930 privum
714 2852 866 2930 quoddam
888 2861 919 2914 et
941 2851 1098 2932 proprium
1121 2853 1217 2913 veluti
1239 2853 1433 2920 observatur,

294 2955 376 3036 quod
398 2955 430 3014 in
453 2955 518 3014 aliis
540 2955 691 3015 minarum
713 2956 851 3034 gentium
874 2953 936 3016 Diis
954 2955 1220 3044 plerosque-fugit,
1254 2955 1433 3036 Disciplinae

295 3057 523 3119 Ecclesiasticac
546 3057 615 3116 uolo
637 3075 734 3116 usum.
767 3055 872 3136 Neque
895 3055 1024 3116 Generis
1044 3065 1163 3116 tantum
1178 3056 1349 3117 institutam
1367 3075 1434 3116 cam

296 3163 455 3243 rigidoque
492 3170 629 3220 exactam
659 3159 931 3240 deprehendimus,
968 3159 1021 3220 sed
1049 3160 1081 3220 in
1110 3159 1250 3220 omnibus
1278 3159 1435 3230 EcclesiiS,

296 3285 373 3346 quae
402 3263 517 3326 Caluini
547 3273 712 3326 sectatores
745 3263 972 3324 instaurationis
999 3281 1070 3326 suae
1099 3273 1237 3327 auctores
1259 3266 1340 3327 nacti
1363 3273 1435 3326 sunt

297 3370 426 3430 similam
454 3367 568 3446 ubique
597 3367 822 3427 institutionem
845 3367 977 3447 uiguisse
999 3367 1051 3428 diu
1072 3365 1199 3428 historia
1228 3369 1324 3431 docet.
1367 3367 1434 3428 Cre-

297 3473 374 3534 dunt
399 3472 491 3552 uulgo
520 3471 610 3531 buius
641 3471 817 3550 disciplinae
839 3489 927 3531 usum
949 3481 1068 3532 tantum
1086 3491 1147 3532 non
1165 3473 1300 3552 unicejn
1318 3489 1436 3532 morum

298 3680 474 3760 insignitam
496 3679 589 3740 luisse
611 3686 700 3747 nota,
722 3686 757 3738 ut
778 3677 874 3758 magis
890 3697 979 3760 quam
1002 3697 1055 3742 eae
1073 3681 1238 3744 moralitati
1256 3679 1436 3742 consuleret.

299 3781 339 3844 Ut
360 3783 456 3843 libere
478 3783 592 3850 dicem,
615 3781 688 3860 quid
711 3781 854 3851 sentiam,
877 3783 929 3860 qui
951 3783 993 3842 ita
1016 3783 1199 3862 loquuntur,
1221 3781 1337 3844 Caluini
1354 3801 1437 3844 men-

300 3897 361 3948 tem
391 3905 496 3967 parum
520 3886 649 3946 assecuti
673 3903 739 3944 csse
762 3884 836 3944 mihi
859 3886 1018 3956 uidentur,
1047 3896 1078 3946 ct
1100 3887 1241 3948 ultimum
1262 3885 1438 3956 consilium,

299 3991 381 4072 quod
405 3991 437 4050 in
456 3985 591 4052 Ecclesia
613 4008 668 4050 sna
689 3989 848 4051 condenda
869 3987 1060 4052 Reformator
1081 3989 1138 4053 sibi
1164 3991 1338 4072 proposuit,
1360 3989 1438 4054 nihil

300 4093 382 4177 aliud
410 4093 503 4154 luisse
532 4102 623 4172 puto,
661 4111 751 4172 quam
780 4111 888 4172 purum
917 4092 1039 4154 divinae
1075 4093 1241 4157 maiestatis
1273 4095 1388 4156 cultum
1406 4093 1438 4176 ²).

329 4287 348 4349 1)
367 4286 404 4338 Ol.
427 4297 514 4336 corre.
535 4297 590 4334 uon
611 4289 729 4336 edanum.
758 4287 841 4338 Garri.
864 4287 907 4338 dea
920 4285 1108 4353 franadaiacien
1132 4289 1289 4340 Calriuiamaa
1313 4291 1340 4340 io
1360 4292 1440 4343 saner

300 4370 402 4431 Bracae,
420 4369 456 4419 dic
472 4384 524 4418 eum
542 4367 625 4442 deeset.
644 4384 687 4418 oon
704 4368 814 4419 Amboe‘ae
831 4369 847 4419 i.
865 4370 889 4420 J.
909 4371 982 4420 loeo,
1000 4371 1084 4422 Gotho.
1104 4373 1177 4426 1857.
1196 4372 1217 4424 Ι.
1234 4372 1258 4424 Sa
1276 4373 1326 4422 494
1343 4387 1392 4439 sqq.

328 4451 347 4514 2)
367 4451 403 4502 Of.
426 4449 484 4498 haee
506 4449 585 4516 ipsius
606 4447 703 4499 Caluini
727 4449 813 4510 uerba,
836 4466 849 4499 c
871 4450 956 4502 libello
984 4453 1109 4512 „Ordonn
1126 4453 1211 4506 Eccl.''
1238 4456 1283 4511 „lc
1300 4455 1438 4522 discupline,

302 4533 361 4598 „qui
378 4535 414 4584 eat
430 4547 477 4583 aaa
494 4531 561 4583 laide
573 4548 637 4598 pour
648 4533 738 4584 retenir
753 4536 779 4584 et
799 4531 905 4599 derepter
918 4551 989 4596 caua,
1007 4537 1049 4602 qai
1063 4540 1118 4588 acet
1128 4537 1227 4590 rebelles
1244 4535 1260 4589 d
1277 4538 1303 4588 la
1320 4537 1439 4600 doctrine,
