3228 5102
755 289 791 350 rt

207 491 251 550 ita
274 498 391 560 tamen,
409 499 448 551 ut
470 509 505 552 ea
527 509 611 572 pars,
632 508 709 569 quae
732 491 823 551 sscris
845 489 970 552 aedibus
985 491 1142 556 'destinata
1162 497 1226 562 est,
1266 493 1345 553 »sal-

209 613 268 655 »va
300 595 482 675 pauperibus
514 605 648 663 mancat,
683 595 709 654 si
746 614 805 673 qua
834 595 929 655 maior
957 599 1121 659 necessitas
1148 599 1262 660 incidat
1278 595 1343 678 '*⁰),”

210 697 272 758 Hac
300 710 401 760 autem
430 701 497 779 lege
527 698 679 759 Ecclesiae
708 699 826 758 aerario
855 698 1071 779 praeficiantur
1098 700 1238 770 Iliacoui,
1284 711 1345 760 »art

209 802 383 866 »Ecclesiae
418 813 449 863 et
485 803 677 882 magistratui
705 805 857 863 rationem
887 805 1050 882 quotannis
1079 804 1284 886 reddout⁴¹).’'
1302 829 1346 850 ⁹¹-

210 905 300 971 Vides
322 906 438 966 nullum
461 906 492 966 in
515 905 630 966 Caluini
652 903 784 966 Ecclesia
805 906 973 984 requiritur
994 907 1172 986 collegium,
1192 905 1243 966 cui
1262 923 1344 966 acra·

207 1011 247 1070 rii
266 1029 354 1077 cum.
376 1019 497 1090 praeter
515 1010 775 1089 eleemosynarum
795 1009 1067 1089 dispensationem,
1089 1017 1169 1070 essct
1186 1010 1344 1079 mandata;

208 1114 345 1178 diaconis
369 1111 445 1174 baec
473 1114 572 1174 omnia
595 1113 741 1193 permisit.
785 1111 872 1182 Quod
894 1113 1025 1174 decImas
1046 1131 1168 1192 quoquc
1189 1113 1271 1173 inter
1291 1109 1346 1172 Ec·

210 1219 317 1278 clesiac
331 1217 451 1278 reditus
466 1217 689 1285 recensuimus,
708 1216 746 1276 de
765 1216 914 1276 industrie
933 1215 991 1276 hoc
1008 1217 1152 1286 lecimus,
1170 1216 1253 1278 bisce
1263 1215 1303 1278 ad
1313 1218 1347 1278 id

208 1319 325 1382 Caluini
355 1321 455 1382 serbis
483 1321 615 1382 inducti:
658 1318 845 1399 »Equidem
874 1320 898 1379 si
928 1321 1038 1399 quibus
1064 1321 1139 1381 ordo
1160 1321 1218 1382 iste
1241 1337 1345 1402 appro-

209 1427 340 1494 »bettuu
360 1435 363 1440 '
380 1435 414 1485 ut
446 1425 701 1504 quemadmodum
734 1424 814 1504 apud
845 1423 997 1484 israelitas
1029 1425 1155 1486 decimis
1186 1425 1346 1486 alebantur

211 1527 374 1597 »Levitae
403 1531 446 1590 ita
474 1529 506 1588 in
535 1530 645 1609 populo
673 1528 766 1588 ctiam
794 1527 966 1588 Christiano
991 1529 1126 1588 decimae
1147 1529 1346 1608 colligantur,

210 1652 310 1713 cquae
339 1633 371 1693 in
400 1633 542 1694 alimenta
572 1641 727 1712 pastorum
756 1631 967 1700 conferantur,
996 1631 1073 1691 nihil
1099 1633 1243 1692 reclamo:
1273 1633 1347 1712 quin

210 1738 334 1818 ”potius
366 1755 472 1798 eorum
498 1737 667 1797 sentcntiae
695 1753 797 1796 meum
820 1753 940 1814 quoque
961 1736 1109 1796 calculum
1131 1735 1226 1806 addo,
1254 1749 1348 1816 qusu-

212 1840 399 1921 »doquidem
420 1841 559 1901 alicunde
580 1849 663 1900 certe
684 1839 818 1908 desumi,
840 1839 922 1919 quod
941 1839 978 1900 ad
997 1840 1228 1901 sustentandum
1247 1838 1348 1902 Ecole·

213 1947 348 2006 »siarum
364 1944 522 2004 ministros
543 1944 752 2024 impendatur,
781 1961 904 2004 necesse
926 1953 981 2004 est.
1023 1940 1085 2004 lVec
1106 1943 1250 2024 expedire
1271 1940 1347 2005 mihi

212 2051 372 2117 evidetur,
398 2048 479 2126 quod
506 2048 684 2127 nequissime
708 2049 907 2108 constitutum
929 2045 1038 2116 fuerit,
1063 2050 1130 2109 siue
1152 2049 1348 2110 caussinum

213 2150 375 2234 »vari⁴²).''
416 2150 469 2211 Est
498 2151 578 2211 enim
622 2171 660 2210 »a
690 2149 818 2212 Dnmiuo
848 2149 1037 2221 ordinatum,
1066 2163 1101 2213 ut
1126 2152 1274 2213 ministris
1296 2148 1349 2212 aii·

210 2266 333 2318 »menta
365 2255 561 2336 suppeditent
594 2254 747 2316 Ecclesiae
762 2255 835 2336 Μ),”
857 2266 892 2315 ut
945 2266 1086 2316 »tantum
1119 2255 1156 2316 iis
1188 2267 1349 2336 erogetur,

211 2370 381 2440 »quantum
404 2361 442 2420 ad
467 2359 691 2438 frugalitatem,
721 2359 826 2420 ordine
849 2377 905 2419 suo
926 2360 1065 2440 dignam,
1094 2357 1293 2441 sufficit*⁴),”
1315 2370 1350 2420 ut

210 2465 379 2526 reddantur
407 2465 443 2524 iis
472 2482 591 2543 quoque
633 2463 826 2544 »impensam
856 2481 932 2542 quae
962 2483 1023 2525 non
1049 2465 1158 2545 privati
1180 2463 1350 2546 compendii

211 2571 346 2651 »gratim
366 2569 421 2629 sed
442 2567 473 2628 in
496 2567 646 2647 publicam
668 2563 821 2627 Ecclesiae
843 2565 1057 2627 necessitatem
1079 2565 1157 2626 fiunt
1170 2565 1233 2650 ’ψ’

377 2775 397 2857 §
419 2777 446 2836 8.
489 2772 637 2835 Ecclesiae
658 2773 808 2852 replantetis
827 2773 867 2833 od
889 2772 1050 2835 Eccbsc'om
1069 2773 1181 2835 relatio.

253 2984 340 3056 Quod
362 2984 394 3044 in
415 2983 505 3044 initio
526 2982 617 3044 huius
633 2982 741 3062 capitis
759 2983 958 3044 iudicavimus
979 2983 1096 3062 potius,
1118 2997 1209 3061 mam
1227 2982 1349 3042 denton-

213 3090 391 3157 strarimus‚
419 3087 571 3148 Ecclesiae
601 3107 640 3148 sc.
669 3086 805 3167 regimen
827 3107 844 3146 c
866 3097 969 3148 mente
991 3086 1107 3146 Galvini
1129 3081 1259 3146 ordinem
1280 3101 1350 3146 con·

213 3193 357 3261 stituerc,
385 3191 586 3272 locupletibus
612 3209 692 3250 nune
721 3191 905 3251 testimoniis
928 3190 1148 3250 attestabimur.
1185 3187 1244 3248 Res
1269 3188 1350 3249 cuim

214 3297 382 3378 gravissimi
403 3296 550 3357 momenti
569 3305 630 3364 est,
653 3305 684 3354 et
702 3311 822 3355 omnem
841 3294 1057 3374 propemodum
1076 3291 1182 3354 fideles
1199 3287 1351 3354 Ecclesiae

214 3412 246 3462 et
273 3402 429 3462 ministros
454 3401 536 3460 inter
564 3399 742 3460 relationem
768 3399 939 3458 luculenter
960 3397 1047 3458 nobis
1069 3395 1195 3477 detegit.
1238 3393 1282 3456 Ne
1299 3415 1352 3458 au·

215 3517 277 3566 tem
299 3505 331 3564 iu
353 3523 426 3564 voce
447 3504 499 3563 illa
518 3501 626 3562 ludere
648 3501 820 3570 videamur,
846 3503 973 3581 quaein
996 3501 1150 3581 polemicis
1172 3500 1352 3561 tractatibus

216 3611 258 3670 ita
287 3623 376 3687 saepe
406 3625 422 3666 c
446 3606 648 3666 circumiectis
676 3605 838 3674 delinitur,
859 3616 894 3665 ut
919 3604 996 3665 nihil
1019 3604 1143 3664 omnino
1165 3604 1197 3664 in
1219 3605 1352 3684 genuina

217 3711 332 3772 Caluini
354 3709 505 3770 sententia
528 3708 698 3788 indaganda
717 3709 868 3789 proficiat,
891 3717 984 3769 testes
1003 3707 1092 3768 unice
1115 3725 1152 3768 ex
1175 3707 1264 3768 lust.
1283 3708 1350 3768 rel.

138 3843 141 3849 ·
217 3815 360 3876 Christ.
382 3812 557 3882 citabimus,
578 3813 630 3872 ubi
655 3811 768 3872 thetice
791 3811 885 3892 magis
907 3810 1069 3871 Ecclesiam
1092 3829 1177 3872 suam
1198 3811 1351 3873 describit.

218 3918 256 3980 Et
286 3929 358 3978 tuuc
383 3917 522 3997 quidem,
550 3917 667 3978 nullum
689 3935 761 3977 sane
783 3916 968 3977 luculentius
989 3923 1022 3976 et
1044 3915 1235 3996 perspicuum
1256 3917 1353 3997 magis

249 4239 281 4301 ⁴⁰)
299 4239 359 4288 Insi.
377 4237 420 4288 IV.
438 4240 462 4287 4.
480 4238 503 4292 7.
522 4237 551 4289 ci.
569 4239 639 4304 Resp.
657 4239 692 4288 ad
708 4250 796 4289 ssuou.
814 4236 881 4287 Tum.
898 4235 968 4288 VIII.
987 4234 1058 4286 loth.

251 4322 282 4383 ⁴¹)
302 4321 372 4384 llesp.
391 4321 426 4370 ad
440 4333 529 4371 scoot.
547 4320 614 4372 Tom.
631 4320 702 4369 VIII.
720 4318 791 4384 Ι106ῠ.
1217 4374 1220 4382 Ι

251 4403 283 4464 ⁴²)
300 4404 337 4453 De
353 4418 415 4454 saer.
428 4420 487 4468 pap.
505 4401 568 4453 adm.
587 4402 634 4464 cbj.
649 4403 715 4454 Tum.
728 4399 797 4452 VIII.
815 4415 839 4466 p.
851 4399 922 4452 seih.
990 4401 1021 4464 ⁴³)
1041 4393 1195 4452 Commodi
1211 4399 1248 4451 Oc.
1260 4399 1357 4470 Imm.

252 4486 283 4547 ⁴¹)
300 4487 343 4551 Ep.
356 4485 391 4534 ad
400 4498 489 4535 senon.
498 4485 565 4536 Tem.
574 4483 645 4534 VIII.
657 4482 726 4534 lost.
739 4484 768 4534 ci.
785 4485 843 4534 Ant.
852 4485 878 4534 in
890 4481 953 4535 decr.
968 4485 1037 4536 Cone.
1052 4482 1116 4533 Trid.
1126 4481 1194 4534 Tum.
1206 4478 1274 4536 VIII.
1286 4479 1356 4534 223¹).

252 4569 283 4632 45)
300 4571 338 4632 De
354 4585 403 4621 nec.
421 4568 468 4634 ref.
486 4567 549 4622 dccl.
565 4563 633 4618 Tem.
650 4563 721 4617 VIII.
742 4565 795 4618 58b.
