3228 5102
730 275 769 338 37

184 472 359 536 »Christum
388 493 545 538 commune
575 486 680 558 caput,
709 478 782 558 quin
808 479 943 542 fraterno
964 481 1045 542 inter
1067 500 1098 544 sc
1121 501 1222 545 amore
1245 501 1314 546 con·

184 579 302 640 »iuncti
320 581 401 640 ultro
420 564 556 660 citroque
573 601 625 642 sua
644 583 868 644 communicent
880 583 936 666 ²)‚''
958 585 1039 646 inter
1050 583 1201 648 Ecclesiae
1213 597 1315 648 tamen

182 683 282 744 media
321 693 457 744 mutuam
492 685 663 747 istiusmodi
700 688 850 748 sociorum
883 689 1126 768 cooperationem
1155 691 1225 752 ideo
1254 710 1315 752 non

183 788 399 848 recensendam
421 807 487 849 esse
509 789 665 860 duximus,
695 792 777 870 quod
798 792 831 852 in
852 789 1003 861 Ecclesia,
1024 795 1122 874 qualis
1143 795 1228 856 notio
1250 795 1315 855 eius

184 911 272 972 supra
301 893 436 972 exposita
465 902 527 962 est,
556 895 663 954 ommIa
694 914 709 954 a
739 895 810 955 solis
834 895 1010 958 doctoribus
1031 907 1123 976 atque
1145 897 1315 982 pastoribus

183 995 332 1075 pendere,
360 997 432 1076 ipsis
461 1007 563 1058 autem
592 997 680 1058 sociis
708 999 825 1058 nullum
855 999 979 1062 omnino
1007 1001 1106 1064 locum
1129 1001 1161 1066 in
1182 999 1314 1064 Ecclesia

183 1099 387 1178 promovenda
416 1100 563 1180 relinqui,
596 1101 756 1162 manifesto
782 1101 992 1181 deprehendet
1013 1105 1237 1188 unusquisque,
1263 1106 1314 1186 qui

183 1201 282 1262 obiter
303 1202 451 1264 duntaxat
473 1204 656 1284 praecedens
677 1213 767 1284 caput
788 1205 972 1284 perlustrare
993 1207 1076 1270 velit.

539 1389 609 1490 ab.
653 1409 739 1472 reru
759 1411 958 1474 ministerum.

223 1635 248 1674 a.
284 1613 405 1675 Verbum
426 1612 487 1674 Ilei.

224 1717 356 1780 Verbum
380 1717 432 1779 Dei
470 1717 657 1799 »spiritualis
678 1718 816 1780 doctrina
838 1730 900 1790 cst,
922 1722 1069 1801 quaedam
1092 1723 1186 1788 veluti
1208 1725 1314 1796 ianua,

183 1842 263 1903 »qua
286 1823 476 1904 ingredimur
498 1823 530 1882 in
549 1823 679 1884 coeleste
698 1824 764 1884 eius
782 1843 910 1904 regnum
923 1825 944 1906 ¹)
953 1825 978 1894 ,''
1000 1827 1052 1888 ubi
1096 1828 1210 1907 »probe
1227 1837 1258 1890 ct
1276 1829 1315 1893 ad

183 1927 307 1988 »vivum
330 1926 417 1987 nobis
436 1926 619 1987 describitur
637 1925 716 1988 Deus
728 1927 783 2009 2);”
806 1938 852 1988 est
870 1929 966 1989 instar
984 1929 1111 2000 codicis,
1134 1949 1194 2010 quo
1226 1933 1315 1995 »uni-

184 2049 293 2091 »vcrsa
312 2030 390 2092 benc
411 2031 535 2092 vivendi
557 2033 679 2111 regula,
702 2041 767 2092 tum
791 2035 883 2094 etiam
905 2032 976 2094 fidei
999 2034 1161 2096 instructio
1173 2034 1229 2118 3)”,
1253 2035 1315 2116 plc-

182 2134 305 2195 nissime
331 2134 514 2195 continetur.
558 2133 691 2196 Verbum
714 2135 768 2196 llei
804 2135 898 2197 »fidei
921 2137 1000 2196 basis
1021 2146 1084 2206 est,
1110 2137 1315 2217 quaiulcitur

184 2248 238 2300 »et
256 2239 490 2321 sustineturl),''
509 2239 585 2300 adeo
605 2249 660 2300 rut
679 2258 740 2300 non
758 2241 853 2320 magis
871 2240 909 2300 ab
927 2259 963 2300 eo
982 2240 1085 2302 divelli
1104 2242 1212 2324 possit,
1224 2259 1314 2322 quam

183 2342 283 2403 »radii
309 2361 325 2401 a
353 2343 431 2412 sole,
460 2342 542 2402 unde
572 2341 775 2424 oriuntur⁵).'’
828 2341 970 2423 »Speculi
999 2343 1178 2414 instarem,
1200 2345 1231 2406 in
1254 2364 1314 2425 quo

184 2445 302 2506 »Deum
323 2445 480 2506 intueatur
500 2444 576 2506 fides
585 2444 636 2526 1).”
678 2445 785 2507 »Tolle
806 2445 901 2526 igitur
922 2445 1048 2506 verbum
1070 2457 1101 2508 et
1119 2448 1202 2510 nulla
1220 2457 1313 2508 resta·

184 2547 252 2609 »bit
277 2547 353 2608 fides
364 2548 413 2630 7)”.
434 2583 476 2593 —
497 2547 632 2609 Subinde
661 2548 788 2610 verbum
814 2547 868 2608 Dei
895 2549 976 2610 inter
997 2559 1029 2610 ct
1050 2567 1164 2614 sacram
1186 2551 1312 2632 scriptu·

183 2669 248 2711 ram
269 2651 457 2732 distinguere
480 2651 617 2720 videtur,
638 2651 691 2712 ubi
713 2671 739 2712 e.
761 2671 789 2732 g.
811 2651 932 2732 roganti
953 2652 985 2712 in
1006 2651 1188 2718 catechismo
1220 2653 1312 2716 »Ubi-

182 2773 273 2815 »nam
316 2754 523 2833 quaerendum
558 2754 646 2815 nobis
678 2755 718 2816 sit
749 2755 807 2816 hoc
838 2755 996 2826 verbum?
1028 2757 1204 2838 respondet:
1258 2760 1311 2822 »in

181 2859 361 2938 »scripturis
382 2859 474 2919 sacris
491 2856 742 2941 'continetur⁸);’'
763 2861 939 2939 plerumque
961 2869 1063 2920 tamen
1085 2861 1150 2922 sine
1172 2861 1235 2926 ullo
1253 2861 1311 2923 dis·

180 2962 305 3024 crimine
334 2963 502 3044 promiscue
530 2973 659 3042 utraque
680 2962 809 3024 formula
836 2963 941 3025 utitur.
984 2961 1049 3034 Quo
1071 2963 1136 3025 iure
1158 2965 1190 3028 id
1211 2965 1310 3028 facere

180 3067 307 3136 soleret,
334 3066 396 3146 ipse
423 3084 479 3126 nos
498 3065 619 3134 doceat,
648 3065 698 3126 ubi
720 3066 752 3128 in
773 3065 854 3126 hunc
875 3067 998 3128 modum
1020 3067 1155 3128 disserit:
1197 3069 1311 3150 »Spiri-

180 3180 251 3230 »tus
273 3170 388 3230 virtute
406 3169 585 3238 illuminati,
607 3169 665 3229 iam
688 3187 750 3230 non
773 3179 825 3230 aut
843 3179 963 3239 nostro,
981 3180 1034 3230 aut
1052 3171 1179 3234 aliorum
1198 3172 1311 3238 iudicio

180 3267 370 3345 »credimusj
397 3295 414 3335 a
443 3273 505 3336 Deo
534 3293 599 3336 csse
628 3275 822 3354 scripturam
853 3277 906 3336 scd
933 3293 1023 3356 supra
1044 3277 1211 3340 humanum
1233 3279 1310 3343 iudi·

179 3379 297 3448 »cium‚
327 3388 410 3440 certo
439 3379 551 3439 certius
580 3379 793 3440 constituimus
822 3379 896 3460 (non
925 3397 1011 3440 secus
1037 3399 1070 3440 ac
1092 3381 1117 3441 si
1140 3383 1233 3461 ipsius
1255 3381 1310 3444 Dei

177 3501 312 3543 »numen
340 3482 402 3542 illic
430 3483 599 3556 intuemur)
626 3481 783 3544 bominum
809 3483 979 3544 mInisterIo
1012 3483 1049 3544 ab
1078 3483 1226 3564 ipsissimo
1255 3482 1310 3546 Dei

176 3603 228 3646 ore
257 3585 295 3646 ad
323 3603 378 3644 nos
405 3582 591 3664 fluxisset?
634 3583 892 3654 Quemadmodum
922 3587 1032 3666 igitur,
1061 3597 1095 3648 ut
1124 3607 1214 3670 supra
1234 3589 1309 3650 vidi·

175 3707 258 3758 mus,
289 3687 405 3748 cabum
433 3687 487 3747 Dei
515 3685 586 3748 fidei
615 3688 720 3768 regula
750 3687 787 3748 ab
816 3707 852 3749 eo
881 3690 1101 3768 proclamatur,
1130 3692 1172 3752 sic
1201 3691 1309 3754 eodem

213 3949 312 4011 ²)Inat.
330 3948 372 4001 IV.
391 3949 414 3999 1.
433 3949 457 4001 3.

213 4031 233 4094 1)
256 4032 307 4082 Cal.
328 4032 385 4082 Gen.
403 4031 469 4082 Tom.
488 4031 558 4084 VIII.
577 4031 630 4084 241),
732 4033 752 4094 ²)
771 4033 833 4084 Inrt.
851 4031 871 4083 I.
890 4031 914 4085 6.
932 4030 955 4083 3.
973 4031 1002 4084 cl.
1022 4030 1064 4081 IV.
1083 4033 1122 4084 tt.
1141 4033 1180 4085 20.

210 4112 231 4175 ³)
248 4115 320 4164 Breo.
330 4114 379 4178 fid.
399 4114 469 4179 Coos.
487 4113 554 4164 Tom.
572 4114 643 4164 VIII.
661 4129 685 4179 p.
704 4114 757 4166 alb.

212 4194 232 4257 ⁴)
250 4195 312 4244 Inar.
329 4195 379 4244 III.
397 4196 419 4245 2.
438 4195 461 4246 6.
562 4196 582 4258 ⁶)
601 4196 638 4246 lb.
740 4197 759 4258 ὅ)
779 4195 815 4246 Ih.

210 4275 230 4340 ⁷)
248 4275 286 4328 11),
310 4275 339 4326 cs.
361 4277 422 4327 Iret.
445 4275 495 4327 III.
518 4277 540 4326 2.
559 4275 583 4337 7,
601 4277 640 4328 31.
666 4279 750 4329 Comae.
772 4277 807 4328 ad
822 4278 896 4328 Hebr.
914 4278 956 4328 IV.
974 4278 998 4329 2.
1015 4279 1097 4330 Praei.
1116 4278 1180 4330 XVI.
1201 4281 1228 4330 in
1244 4282 1324 4344 Dan..

171 4356 219 4408 III.
238 4357 277 4406 28.
294 4357 360 4408 Tem.
373 4357 402 4406 V.
419 4372 444 4422 p.
462 4358 515 4408 41³.
532 4359 613 4410 Praei.
632 4359 722 4412 XLIII.
740 4361 767 4410 in
784 4361 848 4410 Dan.
862 4359 933 4412 VIII.
952 4360 992 4412 26.
1013 4359 1080 4410 Tem.
1093 4360 1122 4410 V.
1141 4361 1211 4413 1312.
1229 4363 1312 4414 Prael.

170 4442 196 4492 io
211 4441 290 4492 Amos.
303 4440 369 4491 rom.
383 4439 412 4490 V.
425 4456 448 4505 p.
462 4439 533 4498 216³;
552 4442 578 4490 ἐκ
588 4443 680 4493 Ionam.
693 4442 726 4494 ib.
740 4459 764 4509 p.
777 4443 838 4492 268ι
851 4445 875 4492 el
887 4441 960 4502 alle
979 4444 1004 4493 in
1023 4443 1137 4494 bibebam.
1154 4443 1188 4497 ib.
1205 4458 1229 4508 p.
1242 4441 1313 4498 3091).

212 4521 233 4586 ⁸)
253 4523 305 4574 θαι.
326 4522 383 4572 Gen.
401 4519 468 4570 Tom.
486 4520 556 4571 VIII.
575 4537 598 4586 p.
616 4521 670 4576 aab.
771 4523 791 4587 ο)
812 4525 875 4574 Inal.
893 4525 914 4574 1.
933 4523 957 4578 V.
976 4526 999 4575 5.
