3228 5102
743 291 783 355 13

530 514 552 598 5
573 518 601 576 a.
643 514 793 578 Ecclesiae
812 515 999 597 definitiones.

236 695 388 760 Ecclesiae
419 697 613 762 definitiones
645 701 779 782 potiores
811 701 843 762 in
875 700 990 763 Caluini
1019 701 1138 781 scriptis
1167 709 1332 762 occurrunt

196 813 371 882 sequentes:

236 907 263 966 l.
305 905 435 988 Roganti
457 907 489 967 in
506 907 705 970 catechismo:
732 909 829 989 »qnid
851 917 897 970 est
913 907 1068 988 Ecclesia?
1076 907 1092 932 ”
1113 908 1329 990 respondetur:

195 1029 325 1091 »corpus
357 1031 391 1072 ao
422 1013 549 1074 societas
581 1013 733 1084 fidelium,
766 1032 842 1093 quos
873 1011 954 1074 Dens
986 1013 1024 1075 ad
1052 1013 1145 1076 vitam
1175 1021 1330 1074 aeternam

195 1114 452 1193 »praedestinavit
474 1115 523 1199 1).”

234 1218 262 1276 2.
306 1216 439 1280 Ecclesia
471 1229 518 1280 est
540 1238 648 1302 corpus
666 1239 787 1291 eorum,
815 1221 867 1300 qni
909 1240 949 1282 »a
974 1219 1037 1282 lleo
1059 1220 1149 1281 electi
1172 1237 1276 1280 omnes
1298 1219 1330 1280 in

194 1319 337 1382 »Christo
365 1325 494 1384 connexi
523 1335 610 1396 sunt,
639 1335 674 1386 nt
702 1325 956 1406 quemadmodum
985 1325 1024 1386 ab
1053 1343 1114 1385 uno
1138 1325 1236 1404 eapite
1258 1341 1330 1404 pen·

193 1424 305 1494 edent,
325 1425 368 1486 ita
390 1427 423 1486 in
445 1447 539 1488 unum
561 1431 646 1490 velut
667 1448 774 1511 corpus
795 1431 981 1497 coalescant,
999 1447 1034 1490 ea
1046 1429 1127 1489 inter
1138 1446 1170 1488 sc
1186 1444 1330 1506 compage

194 1528 430 1601 »cohaerentes
459 1550 517 1612 qua
543 1533 679 1594 eiusdem
707 1533 841 1613 corporis
861 1533 1008 1594 membra:
1030 1550 1102 1592 vere
1123 1549 1218 1592 unum
1240 1530 1330 1599 facti,

194 1633 267 1712 »qui
288 1653 349 1694 une
371 1633 447 1706 fide,
466 1655 533 1716 spe,
551 1635 713 1707 charitate,
732 1637 839 1698 eodem
858 1635 911 1697 Dei
931 1636 1041 1716 spiritu
1053 1635 1143 1696 simul
1155 1635 1263 1696 vivunt
1279 1633 1329 1716 ²).'’

234 1737 261 1797 3.
303 1736 436 1800 Ecclesia
464 1740 665 1801 »universalis
690 1750 737 1801 est
757 1739 915 1802 bominum
936 1739 1101 1800 multitudo
1123 1739 1155 1799 in
1178 1737 1252 1799 orbe
1274 1736 1330 1798 dif-

193 1840 295 1910 rsnsa,
316 1861 393 1922 qnae
415 1862 510 1905 unum
532 1863 563 1905 se
585 1843 681 1906 Deum
703 1854 735 1905 et
756 1843 910 1904 Christum
941 1844 1041 1904 colere
1067 1841 1229 1922 profitetur
1243 1885 1328 1902 .....

194 1946 444 2006 »consensionem
472 1945 566 2007 habet
594 1948 625 2006 in
648 1947 742 2007 verbo
771 1945 842 2015 Dei,
870 1957 962 2026 atque
984 1947 1022 2007 ad
1044 1947 1111 2007 eius
1132 1944 1329 2026 praedicatio·

193 2066 284 2109 »nem
307 2049 509 2110 ministerium
531 2061 690 2112 conservat
712 2070 728 2112 a
751 2049 813 2111 Deo
834 2051 1010 2112 institutum
1029 2049 1078 2132 ⁸).’'

233 2153 262 2214 l.
304 2152 351 2212 Ad
381 2149 556 2214 Sadolctum
582 2153 702 2214 scribit:
735 2151 844 2214 »Nunc
873 2153 898 2214 si
927 2151 1136 2214 definitionem
1159 2162 1211 2214 tna
1233 2153 1330 2214 verio-

193 2273 278 2316 »rem
310 2257 446 2338 recipere
479 2259 627 2328 sustines,
653 2258 702 2319 dic
724 2257 865 2338 posthac,
895 2257 1071 2320 societatem
1093 2273 1157 2316 esse
1180 2255 1329 2324 omnium,

193 2378 292 2439 »qnae
324 2379 378 2441 per
408 2371 507 2422 totum
539 2362 643 2423 orbem
675 2360 797 2431 diffusa,
826 2379 880 2442 per
909 2379 1013 2421 omnes
1041 2369 1157 2420 aetates
1178 2359 1329 2439 dispersa,

193 2482 275 2524 »nna
304 2473 405 2524 tamen
434 2464 545 2525 Christi
570 2466 707 2527 doctrina
729 2476 761 2526 et
783 2484 844 2526 nno
865 2465 975 2546 spiritu
996 2465 1150 2544 colligata,
1179 2463 1329 2524 unitatem

193 2565 287 2627 »fidei
309 2585 342 2627 ac
364 2567 532 2630 fraternum
554 2569 745 2630 concordiam
767 2570 839 2630 colit
862 2579 953 2648 atque
977 2569 1116 2629 observat
1138 2566 1189 2649 ⁴).’'

233 2671 260 2730 δ.
302 2669 436 2731 Ecclesia
467 2681 514 2732 est
556 2683 697 2742 scaelus,
729 2674 761 2734 in
789 2691 850 2752 qno
884 2673 1010 2735 verbnm
1039 2672 1093 2733 llei
1122 2671 1327 2752 praedicatur,

192 2791 324 2834 »nomen
347 2772 400 2834 Dei
422 2793 497 2854 pure
519 2775 693 2846 invocatur,
715 2787 746 2837 et
768 2786 955 2838 sacramenta
976 2775 1229 2837 administrantur
1250 2774 1300 2858 ⁵).''

231 2879 258 2938 6.
300 2875 354 2938 Est
375 2876 508 2939 Ecclesia
545 2880 746 2942 »universalis
767 2882 894 2942 collecta
915 2899 954 2941 ex
975 2879 1206 2960 quibuscunque
1229 2877 1326 2960 genti·

190 2979 269 3042 »bns
289 2981 471 3052 multitudo,
493 3002 570 3062 quac
591 2971 761 3046 intervallis
782 2985 916 3046 locorum
938 2983 1044 3046 dissita
1066 3003 1099 3045 ac
1121 2983 1271 3064 dispersa,
1293 2980 1326 3041 in

189 3103 302 3146 »unam
320 3096 422 3146 tamen
444 3086 577 3148 divinam
598 3087 755 3150 doctrinae
780 3089 941 3150 veritatem
963 3087 1115 3150 consentit
1136 3095 1168 3148 et
1189 3084 1326 3148 eiusdem

189 3189 368 3270 »religionis
390 3191 511 3252 vinculo
533 3191 673 3272 colligata
695 3202 742 3256 est
763 3193 817 3275 ’).”

228 3290 365 3374 Denique
400 3292 564 3358 Ecclesiam
604 3296 709 3358 adesse
748 3296 878 3366 latetur,
917 3295 970 3358 ubi
1019 3295 1143 3376 »populi
1175 3292 1223 3354 sni
1255 3291 1324 3354 reli·

189 3395 311 3474 aquine,
336 3405 492 3475 utcunque
520 3396 669 3476 dispersas
695 3407 786 3478 atque
815 3398 956 3460 disiectas
976 3398 1158 3459 mirabiliter
1179 3395 1324 3456 Dominus

81 3571 83 3576 Ι
188 3508 377 3560 »conservat
419 3497 575 3570 Quatenus
596 3511 775 3582 permanent
797 3503 912 3583 aliquot
933 3501 1085 3564 Ecclesiae
1107 3499 1257 3582 symbola:
1279 3509 1323 3561 at·

187 3619 268 3680 »que
290 3619 325 3662 ea
346 3602 540 3682 praesertim,
562 3621 692 3682 quornm
714 3602 876 3666 efficaciam
897 3622 954 3665 nec
976 3602 1092 3664 Diaboli
1114 3603 1242 3674 astutia,
1266 3621 1323 3666 nec

187 3703 339 3767 »hnmana
359 3707 491 3786 pravitas
513 3706 672 3768 destruere
693 3716 794 3788 potest
816 3705 866 3787 7).”

216 4057 236 4120 ¹)
256 4057 350 4107 Caleclr.
370 4060 457 4108 Genea.
474 4055 542 4108 Tom.
559 4055 630 4108 VIII.
647 4073 671 4124 p.
689 4057 740 4109 16¹.

214 4139 235 4202 1)
253 4139 315 4189 Insl.
333 4137 376 4188 IV.
393 4138 417 4189 1.
435 4137 458 4189 2.
558 4138 579 4201 ³)
597 4139 659 4188 Inat.
676 4137 719 4189 IV.
738 4139 761 4189 1.
779 4137 811 4192 7:

214 4220 235 4284 ⁴)
252 4221 323 4286 Resp.
340 4219 375 4269 ad
390 4231 479 4269 senon.
496 4218 563 4270 Tam.
575 4219 647 4270 VIII.
664 4235 688 4284 p.
707 4219 780 4278 1082;
798 4217 827 4268 de
844 4215 938 4268 risibili
955 4213 1062 4267 Ecclesia
1079 4231 1156 4269 sermo
1172 4219 1212 4282 fle,
1229 4223 1258 4272 nt
1274 4220 1321 4273 elc-

185 4305 252 4352 mant
273 4301 331 4351 haec
353 4301 406 4352 eius
427 4301 512 4352 rerba:
548 4300 619 4360 „Scis
636 4301 694 4362 hoo,
711 4298 832 4361 Sadoletc,
849 4314 893 4348 nos
912 4297 977 4350 nihil
993 4298 1061 4350 alind
1082 4300 1174 4364 conari,
1192 4313 1281 4368 qnam,·
1292 4303 1321 4352 ut

189 4384 357 4442 „immoretur
373 4381 502 4450 aliquando
518 4385 613 4432 vetusta
629 4381 674 4432 illa
690 4379 810 4432 Ecclesiae
826 4379 922 4432 iacies?²

214 4466 234 4529 ⁵)
251 4466 313 4516 lust.
330 4465 373 4516 IV.
391 4465 415 4516 1.
433 4463 457 4518 l.
557 4465 577 4528 ⁶)
595 4463 657 4514 Im.
674 4462 717 4515 lv,
735 4464 759 4514 1.
776 4463 800 4516 9.

181 4557 183 4562 “
213 4547 334 4616 ⁷)1le2'ol.
351 4545 470 4602 Hellandi
486 4545 554 4599 'lom
573 4545 645 4602 vm.
661 4561 687 4613 Ρ.
704 4546 775 4600 490⁸.
811 4573 820 4585 ·
