3228 5102
817 273 857 332 80

267 481 436 551 »quantum
458 471 495 532 ad
517 471 666 551 publicam
690 465 893 532 obedientiam
917 471 1027 530 attinet
1049 471 1153 532 eadem
1177 473 1209 532 in
1231 471 1403 534 reverentia

267 573 462 643 »habendum
491 595 549 654 qua
579 576 709 656 optimus
734 595 804 646 rex,
840 575 864 634 si
904 574 1042 644 daretur,
1073 574 1210 636 habituri
1244 576 1404 657 esset³*).”

267 677 366 739 Unum
390 689 508 740 tantum
532 679 744 759 excipiendum
763 689 824 740 est:
854 679 1017 739 »advorsus
1034 677 1131 740 Deum
1149 678 1265 759 Ipsum,
1287 681 1311 742 si
1330 680 1403 760 quid

145 696 453 862 streperent,
476 784 507 844 id
530 785 614 846 nullo
637 801 736 862 neque
758 784 840 852 loco,
868 801 967 862 neque
990 801 1117 842 numero
1139 801 1204 844 esse
1227 785 1319 846 debet
1337 784 1404 860 ³⁵).''

266 884 409 956 Quamvis
431 899 532 948 autem
556 887 730 948 obedientia
753 897 826 948 tunc
848 905 908 946 non
931 887 1059 966 amplius
1078 887 1225 967 exigitur,
1248 889 1404 968 quinimo

265 992 408 1069 praestita
438 989 492 1052 Dei
521 993 710 1052 maiestatem
732 991 908 1071 gravissime
930 990 1081 1059 laederet,
1111 1010 1225 1070 poenae
1248 1003 1350 1054 tamen
1371 993 1403 1052 in

264 1095 365 1174 legum
394 1095 589 1157 violationem
619 1096 802 1156 constitutae
832 1113 929 1174 aequo
958 1094 1058 1154 animo
1081 1114 1113 1156 ac
1136 1097 1250 1176 placide
1274 1097 1403 1158 luendae

264 1209 350 1268 sunt;
388 1219 461 1260 »car
490 1201 511 1259 il
543 1201 634 1260 valait
662 1200 781 1268 mieux,
814 1218 871 1278 que
901 1212 981 1258 ¹nous
1011 1198 1172 1277 perissions
1201 1211 1285 1270 tous,
1317 1209 1403 1261 cents

264 1302 418 1372 »lois,...
440 1323 499 1384 que
522 1304 560 1366 dc
583 1304 709 1364 resister
730 1305 746 1362 la
768 1303 796 1362 la
820 1301 1037 1384 tyrannie²⁸).'’
1070 1301 1124 1362 »Si
1144 1304 1196 1383 qui
1218 1314 1319 1368 tamen
1342 1305 1404 1364 sint

264 1407 445 1486 »populares
471 1408 668 1488 magistratus
691 1402 736 1468 ‘ad
765 1406 982 1468 moderandam
1010 1404 1126 1486 Regum
1154 1407 1311 1468 libidinem
1333 1427 1403 1469 oon·

264 1511 419 1580 »stituti,.
436 1556 461 1570 ..
484 1511 536 1591 qui
558 1510 682 1591 regibus
703 1511 889 1590 impotenter
911 1508 1134 1590 grassantibuS,
1160 1521 1191 1570 et
1213 1511 1320 1572 humili
1342 1513 1403 1591 ple·

264 1613 414 1674 »buculae
447 1613 666 1674 insultantibus
695 1615 890 1682 conniveant,
923 1632 1029 1700 eorum
1058 1614 1259 1676 dissimulatio
1288 1616 1404 1676 nelarie

263 1715 413 1796 »perfidia
435 1735 497 1776 non
520 1717 648 1786 carebit,
678 1718 749 1796 quia
771 1717 873 1797 populi
895 1717 1068 1778 libertatem
1098 1718 1309 1779 fraudulenter
1337 1737 1403 1798 pro·

262 1820 362 1880 »dunt
374 1819 437 1902 87).”
458 1855 499 1865 -
520 1819 624 1881 Varias
643 1821 800 1900 regiminis
819 1821 928 1882 formas
947 1838 1046 1882 eoram
1067 1819 1129 1882 llco
1151 1823 1264 1884 similes
1281 1822 1403 1902 quidem

262 1941 326 1986 esse
349 1934 453 1984 censet
472 1924 521 2007 38),
549 1925 640 2004 longe
670 1933 771 2004 tamen
805 1943 898 2004 »prae
921 1925 1031 1985 ceteris
1060 1925 1279 1986 aristocratiam
1306 1925 1403 1986 excel·

262 2027 346 2088 »lere
366 2025 431 2108 ³⁹).''

687 2486 891 2576 scorto
933 2487 987 2602 n.

292 2731 473 2802 EXPONITUR
495 2731 520 2776 J.
545 2729 676 2776 CALVINI
699 2729 741 2774 DE
763 2728 912 2775 accensu
935 2727 1121 2789 SENTENTIA,
1147 2727 1278 2788 QUALIS,
1301 2727 1367 2772 TUM

360 2843 379 2886 Ε
403 2839 596 2886 cortomottn
618 2837 787 2884 ECCLESIAE
810 2838 1020 2898 GENEVENSIS,
1043 2838 1109 2884 TUM
1131 2839 1150 2882 Ε
1174 2837 1305 2885 GALVINI

495 2953 532 2999 IN
555 2953 597 2997 ΕΑ
619 2952 740 2998 AGENDI
763 2951 917 3011 RATIONE,
942 2949 1169 2996 coenosemtn.

771 3155 902 3167 ..n--n

565 3297 567 3300 ’
662 3301 1008 3355 ΡΒΑΕΜΟΝΕΝΒΑ.

305 3497 339 3558 ln
371 3493 623 3577 praecedentibus
654 3493 769 3554 Caluini
802 3494 839 3554 de
868 3492 1001 3554 Ecclesia
1027 3493 1225 3562 sententiam,
1258 3493 1354 3572 qualis
1383 3511 1400 3552 e

265 3602 384 3682 seriptis
412 3583 505 3680 ipsius
534 3598 738 3678 cognoscitur,
767 3612 822 3676 pro
843 3597 924 3658 virili
946 3596 1086 3677 portione
1118 3612 1269 3676 exponere
1299 3595 1399 3656 conati

259 3735 554 3748 ........-..--——

294 3805 326 3869 ³⁴)
346 3807 406 3855 net.
423 3802 465 3852 ru.
484 3803 523 3852 eo.
541 3803 581 3855 aa.
599 3803 636 3854 cr.
653 3803 734 3852 mm
750 3801 781 3852 a»
800 3801 864 3852 cart.
884 3801 981 3864 (earn
998 3799 1046 3850 111.
1064 3798 1127 3850 aaa.
1145 3801 1185 3850 14.
1203 3803 1226 3852 s.
1245 3800 1311 3863 154.)

293 3890 325 3953 35)
345 3889 405 3938 Iret.
423 3885 466 3937 IV.
484 3887 523 3936 20.
542 3885 581 3936 32.

293 3973 325 4034 38)
342 3971 424 4022 Leltre
440 3971 470 4020 de
490 3970 555 4020 Calo.
575 3971 674 4031 (aanor,
689 3967 753 4024 Illa.
771 3967 838 4029 154.)
859 3965 895 4016 Ol.
915 3966 975 4018 Ibat.
993 3966 1035 4016 IV.
1055 3965 1094 4016 20.
1112 3966 1153 4015 32.

293 4054 325 4118 ³⁷)
345 4055 404 4104 leat.
422 4053 464 4102 IV.
483 4052 521 4102 20.
540 4047 903 4102 at.cr.nanar111b.13ail.
922 4048 962 4100 14.
979 4048 1002 4096 S.
1022 4046 1070 4095 154
1076 4065 1082 4105 ;
1101 4045 1258 4096 ubidicitum
1269 4061 1327 4096 esse
1346 4045 1405 4096 dicit

263 4153 297 4194 „a
312 4137 368 4184 tous
386 4134 444 4184 bons
461 4133 568 4196 citoyens
585 4133 613 4180 de
630 4135 724 4197 prester
740 4129 807 4180 main
824 4131 947 4188 lorte,...
965 4128 986 4177 si
1005 4127 1040 4178 les
1060 4128 1159 4178 Priores
1178 4128 1212 4178 du
1231 4144 1289 4193 sang
1307 4143 1400 4194 requer-

263 4220 366 4282 „royent
383 4217 462 4265 destre
479 4215 614 4263 maintcnna
630 4229 661 4262 en
678 4213 731 4262 leur
749 4212 811 4262 droit
827 4227 888 4277 pour
904 4211 928 4260 lc
945 4210 1003 4259 bien
1019 4209 1154 4260 commun.'’

295 4300 327 4363 38)
347 4301 407 4350 Inat.
425 4297 468 4347 lV.
486 4297 526 4346 20.
545 4297 568 4350 7.

293 4381 325 4443 ³⁹)
346 4383 404 4430 Inar.
416 4380 458 4430 IV.
471 4380 511 4430 20.
526 4380 549 4430 8.
567 4377 604 4428 Cf.
622 4377 665 4428 Ill.
684 4377 723 4428 20.
743 4379 771 4437 5,
790 4377 835 4436 14,
854 4377 897 4434 153
916 4378 940 4424 et
956 4373 986 4424 ad
1004 4374 1138 4424 universam
1157 4376 1176 4435 t.
1195 4385 1334 4426 seneunau.
1352 4388 1373 4422 o.
1383 4371 1400 4423 1.

207 4528 210 4532 ‚
265 4461 314 4514 111.
337 4461 385 4511 886
402 4477 451 4526 sqq.
474 4459 609 4509 coardean-
630 4458 682 4508 ol.
705 4473 729 4523 p.
748 4457 855 4508 33-44.
875 4469 1003 4508 scenice.
1025 4455 1075 4506 o.l.
1093 4471 1121 4521 p.
1140 4456 1196 4512 137.
1218 4468 1324 4507 scaaoc.
1347 4470 1368 4505 o.
1382 4454 1400 4506 1.

265 4561 289 4611 p.
308 4543 339 4599 17
357 4559 391 4610 sq.
409 4555 506 4595 warna.
524 4541 572 4594 o.l.
588 4557 613 4608 p.
631 4541 662 4592 36
680 4544 704 4593 et
720 4551 822 4595 amaea.
839 4537 887 4592 o.l.
904 4555 928 4606 p.
946 4537 987 4592 28.
