3228 5102
857 296 896 355 dl

310 497 511 579 »praesertim
541 499 613 556 vero
639 498 670 556 in
699 497 757 556 hoc
784 496 952 576 'advigilent
977 496 1112 575 pastores
1138 515 1172 556 ae
1190 496 1371 576 presbyteri.
1412 494 1445 556 Si

311 603 401 682 aquis
430 601 578 661 eiusmodi
606 601 829 662 admonitiones
858 610 1052 660 contemnere
1081 617 1112 659 se
1142 600 1298 668 ostendat,
1327 599 1379 659 ulai
1401 617 1446 660 se-

238 785 239 788 *
314 704 437 764 »cundo
460 701 590 762 testibus
612 701 757 763 adhibitis
778 703 912 764 monitus
933 702 1042 770 luerit,
1060 702 1098 762 ad
1117 701 1266 762 Ecclesiae
1284 701 1447 770 iudicium,

312 807 388 885 »qui
410 816 457 866 est
475 805 628 864 seniorum
651 823 823 874 consessus,
845 805 945 864 vocari
963 803 1100 864 Christus
1118 805 1271 884 praecepit
1283 805 1338 885 ''l''
1370 803 1447 864 Gon·

312 919 359 970 tra
388 909 420 968 in
449 909 579 988 peccatis
604 905 744 986 pollicis,
773 909 831 969 vel
864 907 1053 968 »manifestis
1082 909 1183 968 atatim
1206 907 1388 986 procedatur
1408 907 1448 968 ad

314 1013 501 1072 »solemnem
522 1009 674 1072 Ecclesiae
696 1011 1003 1090 correptionem¹⁴);”
1024 1026 1094 1071 nam
1128 1009 1297 1079 »Ecclesia
1316 1009 1448 1071 ulri'talc

312 1116 407 1194 »quid
429 1115 576 1194 emergit,
597 1114 696 1174 lacere
718 1113 848 1175 officium
871 1133 959 1174 suum
977 1114 1070 1174 debet
1088 1115 1119 1174 in
1139 1114 1272 1175 vocando
1290 1123 1448 1194 peccatore

312 1228 366 1278 »et
398 1217 577 1296 corrigendc
609 1236 664 1296 pro
695 1218 787 1278 medo
819 1219 923 1278 delicti
936 1218 999 1299 ι1).”
1043 1218 1126 1278 Tune
1159 1229 1260 1279 autem
1302 1217 1377 1277 »ubi
1409 1217 1449 1278 ad

312 1321 539 1400 »cognitionem
569 1327 693 1380 ventum
722 1330 785 1388 est,
814 1320 1003 1382 observanda
1031 1333 1078 1382 est
1106 1323 1201 1382 altera
1230 1322 1339 1383 divisio
1368 1322 1450 1381 inter

313 1424 446 1484 accelero
473 1433 504 1484 et
533 1423 639 1483 delicto
652 1423 714 1504 1’).”
755 1423 790 1484 In
819 1424 931 1485 delictis
971 1425 1115 1505 »gravius
1143 1427 1202 1484 iam
1232 1425 1448 1492 admoneatur,

311 1527 419 1606 »quasi
440 1527 559 1606 publica
581 1527 783 1596 authoritate,
805 1538 840 1587 ut
862 1529 887 1588 si
909 1538 1086 1589 revereatur
1108 1527 1288 1592 Ecclesiam,
1309 1527 1450 1588 subiiciet

313 1648 367 1690 »se
390 1639 422 1689 et
444 1631 542 1708 pariat
557 1629 618 1711 17).”
664 1629 781 1690 Scelere
812 1649 909 1692 »vero
931 1634 1046 1693 acriore
1066 1633 1202 1693 remedio
1220 1631 1361 1711 castigari
1379 1633 1449 1690 co'n·

312 1735 434 1803 arcuit,
457 1753 555 1813 neque
577 1733 658 1794 enim
680 1736 754 1794 satis
775 1745 838 1804 ost,
866 1736 891 1795 si
914 1737 955 1805 is,
984 1737 1036 1815 qui
1058 1737 1142 1796 edito
1164 1738 1234 1797 mali
1257 1735 1386 1814 exempli
1407 1735 1448 1795 la·

312 1835 453 1904 reinore,
489 1836 625 1914 graviter
653 1834 817 1896 Ecclesiam
846 1837 951 1903 laesit,
987 1836 1087 1896 verbis
1119 1845 1239 1896 tantum
1267 1837 1449 1918 castigetur;

313 1939 389 2008 »scd
417 1939 530 2016 privari
553 1938 591 1998 ad
612 1945 732 2018 tempus
752 1958 863 1999 coenae
886 1941 1100 2000 communione
1122 1939 1230 2006 debat,
1258 1939 1356 2000 donee
1377 1939 1448 2002 resi·

313 2041 501 2119 apiscentiac
531 2059 603 2100 anae
632 2039 723 2100 fidem
753 2039 860 2100 lecerit
873 2039 935 2120 11).”
985 2037 1099 2108 Quodsi
1127 2041 1195 2119 quis
1223 2041 1389 2101 etiamtunc
1417 2043 1449 2102 in

313 2141 516 2204 obstinatione
535 2158 589 2202 sua
608 2141 792 2220 perstiterit,
811 2141 987 2202 eliminetur
1005 2141 1042 2202 ab
1059 2139 1209 2205 Ecclesiae
1221 2144 1449 2214 communione,

314 2244 507 2308 anathemate
536 2245 664 2308 feriatur
676 2244 726 2325 11),
755 2253 787 2305 et
815 2245 935 2305 nonnisi
957 2245 989 2304 in
1012 2246 1188 2324 gravissima
1209 2249 1389 2308 necessitate
1410 2247 1450 2308 ad

314 2349 657 2412 excommunicationem
685 2348 899 2428 progrediatur
931 2349 1144 2412 consistorium
1156 2349 1200 2430 ²⁰1
1251 2349 1337 2411 »lice
1369 2351 1450 2412 enim

314 2451 439 2514 »differt
469 2451 507 2514 ab
534 2451 728 2513 anethemate
757 2453 1046 2523 excommunicatio,
1078 2453 1160 2533 quod
1189 2453 1265 2514 haee
1292 2455 1325 2514 in
1350 2473 1451 2514 mores

315 2557 433 2636 »magis
456 2555 588 2618 vindieat
610 2566 701 2635 atque
724 2556 955 2626 animadvertit,
982 2557 1025 2618 'sic
1046 2567 1148 2618 tamen
1170 2558 1291 2638 plectit,
1313 2567 1349 2618 ut
1369 2557 1450 2618 futu·

314 2677 388 2722 »rae
418 2678 490 2720 suae
519 2659 721 2720 damnationis
746 2659 915 2729 monendo,
943 2660 974 2720 in
1004 2660 1132 2721 salutem
1153 2671 1292 2730 revocet,
1313 2695 1355 2708 -
1375 2661 1451 2722 illud

314 2773 459 2832 econtra,
481 2763 621 2842 adempta
640 2764 722 2824 omni
735 2764 838 2832 venia,
849 2763 1004 2824 hominem
1015 2765 1146 2826 devovet
1158 2775 1189 2825 et
1201 2765 1314 2826 addicit
1326 2774 1451 2826 aeterne

317 2867 520 2948 »exitie²¹);’'
562 2868 673 2952 »cuius
696 2867 772 2927 adeo
793 2877 846 2928 aut
868 2887 1012 2948 perquam
1034 2887 1136 2938 rarus,
1157 2878 1210 2928 aut
1232 2870 1334 2930 nullus
1356 2869 1451 2929 amni·

315 2990 378 3034 ruo
409 2989 481 3032 usus
513 2989 578 3034 esse
611 2970 780 3052 dctet²²)‚”
834 2953 999 3032 ellestrum
1028 2981 1131 3032 tamen
1159 2991 1220 3033 een
1249 2983 1310 3043 cat,
1340 2974 1392 3052 qui
1413 2973 1452 3034 ab

316 3074 471 3136 »Ecclesia
493 3074 610 3153 expulsi
633 3075 712 3141 sint,
738 3092 913 3154 expungere
936 3094 973 3134 ex
995 3077 1162 3136 electorum
1184 3093 1327 3145 numere,
1351 3081 1451 3156 neque

316 3181 434 3260 »ipsam
456 3197 614 3258 personam
633 3179 665 3238 in
683 3187 814 3238 mortem
832 3179 1022 3248 addicamuS,
1043 3180 1097 3240 sed
1115 3189 1252 3248 tantum,
1272 3182 1372 3260 qualia
1391 3181 1453 3240 sint

316 3283 486 3361 »cuiusque
517 3301 608 3362 opera
637 3283 831 3342 aestimemus
860 3301 898 3342 ex
926 3283 994 3362 lege
1023 3281 1158 3352 Domini,
1181 3293 1212 3344 et
1237 3301 1291 3362 pro
1320 3303 1356 3344 eo
1378 3293 1453 3344 tem·

317 3405 428 3466 apere,
461 3394 520 3464 quo
553 3386 584 3446 in
606 3385 738 3446 divortio
760 3395 901 3454 manent,
923 3387 1038 3446 alienos
1060 3385 1098 3446 ab
1119 3385 1251 3446 Ecclesia
1273 3396 1304 3447 ct
1325 3386 1453 3466 proinde

317 3509 356 3550 aa
396 3488 515 3549 Christo
548 3487 792 3567 iudicemus²³l.''
839 3487 893 3548 Vel
925 3489 967 3550 sie
999 3499 1101 3550 tamen
1141 3509 1260 3570 semper
1295 3493 1349 3550 reo
1387 3509 1453 3550 rem

316 3612 400 3654 suern
429 3585 520 3674 agere
548 3591 666 3654 licitum
695 3591 749 3660 sit,
778 3609 867 3670 quam
897 3593 921 3652 si
950 3593 1120 3674 peregerit,
1148 3611 1238 3654 curae
1260 3594 1300 3653 sit
1322 3591 1453 3655 Seniori·

315 3698 385 3766 laus,
429 3715 511 3776 »que
539 3697 568 3756 le
597 3696 736 3756 delateur
765 3696 823 3756 soit
845 3697 963 3777 corrige
985 3697 1023 3758 de
1045 3715 1099 3757 son
1121 3697 1380 3758 inconsideratius
1390 3695 1454 3778 ²³).”

344 3974 375 4037 13)
394 3973 454 4023 Inol.
473 3971 515 4022 IV.
534 3971 574 4021 12.
593 3971 616 4024 2.
635 3972 664 4022 cl.
684 3973 770 4023 Oomm.
793 3971 820 4021 in
836 3973 893 4022 laec.
911 3973 946 4024 11.
966 3971 1005 4024 15.
1024 3973 1047 4022 et
1068 3973 1110 4038 op.
1128 3971 1194 4022 Tom.
1212 3972 1267 4023 VI³.
1286 3971 1348 4032 258,
1365 3975 1390 4023 9.

344 4054 376 4116 1⁴)
395 4055 455 4103 luat.
473 4051 517 4102 IV.
535 4051 575 4101 12.
594 4052 617 4102 3.
719 4052 749 4113 ¹⁵)
768 4054 828 4101 lact.
847 4052 889 4104 IV.
909 4054 948 4102 12.
967 4053 990 4103 6.
1091 4053 1122 4116 11)
1142 4054 1178 4105 lb.

343 4133 375 4197 17)
394 4137 455 4184 laet.
473 4133 516 4182 IV.
535 4133 575 4182 12.
594 4133 616 4182 2.
674 4170 677 4174 ,
718 4133 749 4195 18)
769 4136 829 4186 laet.
848 4133 891 4184 lV.
910 4135 950 4184 12.
968 4135 991 4186 6.
1093 4137 1124 4198 11)
1143 4141 1203 4190 last.
1222 4135 1265 4190 IV.
1284 4136 1324 4191 12.
1343 4139 1411 4189 10.Ι

343 4216 376 4278 ²⁰)
395 4215 431 4264 Gi.
453 4216 494 4279 Op.
514 4215 581 4264 Tora.
599 4215 654 4264 vla.
672 4231 696 4280 p.
714 4215 771 4266 212.
792 4219 815 4265 et
835 4219 920 4266 Comae.
937 4217 964 4265 in
984 4218 1048 4268 lodo.
1066 4216 1123 4270 XII.
1141 4220 1175 4269 42
1191 4223 1216 4269 et
1232 4219 1297 4268 XVI.
1316 4220 1339 4271 2.

342 4298 374 4360 2¹)
393 4300 453 4347 lost.
465 4297 509 4346 IV.
522 4299 561 4347 12.
581 4299 619 4347 10.
639 4298 669 4346 ef.
687 4297 716 4348 de
733 4298 775 4348 illa
793 4299 948 4350 distinctione
966 4303 1039 4352 Inatr.
1057 4303 1111 4353 odo.
1129 4303 1206 4356 Anod,
1224 4302 1290 4356 Eam.
1304 4301 1373 4354 VIII.
1391 4301 1452 4362 8119,

315 4381 388 4431 θῦε)
407 4383 471 4430 Ittal.
489 4379 532 4431 IV.
551 4380 591 4432 12.
608 4385 633 4432 41.

343 4463 374 4526 2²)
393 4463 453 4513 lost.
471 4460 514 4512 IV.
534 4461 573 4513 12.
592 4462 632 4513 10.
734 4463 766 4526 11)
785 4466 846 4514 Ioat.
866 4464 908 4513 IV.
928 4465 967 4516 12.
986 4466 1009 4516 8.

345 4544 376 4608 ²⁴)
395 4545 489 4596 neree
505 4544 584 4611 nane.
603 4543 640 4596 ed.
658 4557 769 4598 aonam.
788 4545 823 4596 lI.
843 4545 898 4598 ala.

1588 8 1602 229 l

1594 298 1602 702 1

1598 745 1602 952 1

1600 4005 1602 4040 Ι

1600 4049 1602 4080 l

1600 4479 1602 4574 1

1600 4641 1602 4692 1
