3228 5102
258 307 281 354 ll

256 491 320 553 rori
348 489 532 573 patrocinari
561 487 692 552 videtur.
735 487 823 560 Quod
851 485 947 570 Hegel
970 496 1085 560 autem,
1107 487 1228 551 Strauss
1249 497 1281 551 et
1302 487 1402 553 Bothe

256 593 407 656 Ecclesiae
436 594 596 656 interitum
624 593 780 655 vaticinati
802 601 889 662 sunt,
910 611 972 654 non
994 601 1057 654 tam
1079 611 1128 654 res
1149 593 1297 654 humanas
1319 595 1402 655 inter

257 706 349 778 atque
370 698 489 760 divinas
510 697 693 758 dualismunr
714 704 843 777 sp‘ectat,
865 695 919 756 sed
945 696 1055 757 exinde
1077 698 1166 758 unice
1188 697 1401 778 explicandum

257 811 320 872 est,
349 802 430 882 quod
459 801 639 883 religionem
661 811 693 862 ct
714 802 918 862 moralitatem
940 809 1001 861 tam
1024 811 1105 862 arcte
1129 821 1163 862 ac
1185 801 1399 862 indissolubili-

256 915 306 967 ter
326 907 407 968 inter
428 924 493 967 sese
514 906 744 974 coniunxerint,
765 914 800 966 ut
821 923 894 985 prae
915 905 1087 965 moralitate
1105 905 1283 985 adplenum
1302 925 1397 986 usque

258 1010 378 1072 exculta
414 1018 506 1090 atque
534 1009 683 1090 perlecta,
709 1009 890 1089 religionem
918 1027 1098 1070 evanescere
1127 1026 1249 1088 prorsus
1278 1010 1401 1090 opinen-

258 1122 310 1174 tur
321 1111 354 1194 ⁸)
387 1111 426 1173 Et
448 1131 536 1182 sane,
558 1113 722 1174 dummodo
744 1111 900 1192 religionis
919 1111 1023 1180 adid,
1045 1111 1126 1191 quod
1144 1131 1265 1182 verum,
1287 1112 1401 1175 bonum

258 1235 293 1276 ac
311 1215 471 1296 pulchrum
482 1225 545 1284 est,
566 1216 676 1278 relatio
687 1215 765 1277 bene
777 1215 992 1296 perspiciatur,
1011 1215 1050 1275 ad
1060 1213 1118 1274 hoc
1130 1215 1299 1276 necessarie
1311 1217 1401 1277 deve·

258 1320 405 1380 nicndum
417 1319 476 1380 erit
488 1319 646 1388 dilemma,
658 1329 710 1381 aut
722 1319 864 1400 religioni
876 1318 961 1380 iuxta
972 1319 1052 1387 veri,
1065 1318 1135 1379 boni
1147 1319 1327 1399 pulchrique
1339 1329 1401 1382 stu·

259 1423 343 1484 dium
371 1424 490 1484 nullum
519 1424 701 1504 peculiarem
732 1441 798 1484 esse
820 1424 919 1483 locum
942 1416 1178 1503 designandum,
1200 1423 1337 1503 adeoque
1358 1425 1402 1486 nil
1489 1459 1491 1462 ·

260 1537 382 1608 praeter
416 1528 575 1588 interitum
603 1537 779 1608 exspectare
808 1525 988 1596 Ecclesiam,
1017 1545 1094 1606 quae
1116 1525 1229 1605 absque
1251 1527 1402 1608 religione

259 1639 381 1691 corruat
412 1649 536 1692 neeesse
568 1640 626 1700 est,
655 1641 773 1692 -aut
802 1649 875 1692 vero
903 1629 1109 1710 philosophice
1139 1629 1230 1690 etiam
1250 1621 1402 1710 'religioni

259 1751 344 1794 suam
370 1734 556 1813 provinciam
585 1753 650 1796 esse
679 1735 907 1802 vindicandam,
935 1743 1079 1814 tanquam
1101 1734 1202 1794 sensui
1224 1731 1327 1794 indole
1349 1752 1403 1796 sua

259 1835 403 1896 universo
431 1838 604 1898 mortalium
633 1839 738 1918 generi
763 1839 877 1907 indito,
907 1855 966 1916 quo
988 1837 1020 1896 in
1045 1836 1110 1897 dies
1131 1835 1240 1896 clarius
1262 1835 1403 1897 Auctoris

258 1939 319 2008 sui,
348 1959 365 2000 a
394 1959 455 2019 quo
483 1941 514 2002 in
537 1941 677 2002 omnibus
699 1941 868 2021 pendeant,
890 1940 1105 2001 conscientiam
1127 1941 1159 1999 in
1181 1940 1288 2001 intimo
1310 1941 1402 2001 corde

260 2041 496 2122 persentiscant,
529 2043 641 2122 quique
678 2045 754 2105 adeo
783 2045 864 2114 veri,
896 2043 968 2104 boni
997 2043 1176 2123 pulchrique
1206 2061 1338 2103 amorem
1367 2061 1403 2103 eo

260 2153 348 2224 pacto
376 2143 465 2204 nobis
494 2145 639 2215 instillat,
668 2157 703 2208 ut
731 2166 836 2208 eorum
865 2147 965 2208 ideam
994 2147 1026 2206 in
1049 2145 1126 2215 lleo,
1155 2146 1249 2206 veluti
1272 2146 1303 2206 in
1325 2144 1404 2206 Ente

260 2247 414 2327 cogitante
442 2245 515 2327 (non
544 2258 688 2328 tanquam
709 2250 741 2310 in
760 2249 912 2331 persona),
935 2249 1104 2311 absolutam
1126 2257 1217 2328 atque
1237 2248 1403 2328 perfectam

260 2349 365 2410 adesse
395 2348 483 2408 nobis
505 2348 669 2430 fingamus,
691 2386 730 2396 —
753 2370 879 2430 esseque
901 2351 996 2430 igitur
1018 2348 1168 2410 Ecclesiae
1190 2351 1222 2409 in
1245 2359 1403 2414 aeternum

259 2453 344 2513 iuxta
373 2451 590 2532 rempublicam
612 2472 701 2514 suum
723 2454 938 2534 assignandum
960 2455 1067 2514 locum.
1110 2453 1231 2515 Etenim
1253 2474 1338 2516 amor
1358 2457 1403 2516 ni·

254 2554 299 2615 hil
332 2555 414 2616 aliud
447 2566 508 2624 est,
540 2575 630 2636 quam
663 2556 818 2617 affinitatis
846 2558 995 2618 relatione
1025 2557 1160 2617 innitens
1181 2559 1403 2619 coniunctionis

256 2658 447 2738 principium.
481 2659 547 2730 Quo
569 2661 665 2741 magis
687 2680 760 2741 ergo
782 2662 814 2722 in
835 2660 922 2721 nobis
945 2661 1024 2729 veri,
1047 2661 1118 2722 boni
1138 2661 1316 2746 pulchrique
1339 2673 1401 2723 stu·

254 2762 339 2823 dium
368 2749 540 2834 excolatur,
568 2783 605 2826 eo
633 2765 795 2826 dilucidior
820 2764 874 2828 Dei
896 2765 1100 2845 intelligentia
1125 2765 1211 2826 nobis
1233 2766 1398 2835 constabit,

256 2883 345 2945 quem
374 2884 410 2926 eo
439 2868 585 2929 lervidius
613 2871 742 2930 amaturi
772 2889 887 2939 sumna,
910 2869 991 2948 quod
1016 2868 1092 2929 haec
1116 2870 1172 2929 tria
1194 2887 1255 2929 non
1279 2879 1398 2930 tantum

254 2968 340 3028 inse
362 2970 592 3050 comprehendit
614 2973 768 3042 absolute,
791 2972 844 3032 sed
866 2991 938 3033 vero
957 2972 1022 3053 Ipse
1044 2983 1099 3033 cst.
1133 2971 1171 3033 Et
1189 2991 1282 3052 quum
1302 2972 1398 3034 Deum

253 3089 315 3131 non
336 3074 611 3135 extramundanum
629 3075 717 3136 nobis
735 3075 929 3156 cogitandum
948 3095 1014 3137 esse
1032 3077 1157 3145 seimus,
1180 3095 1279 3156 neque
1298 3086 1397 3136 extra·

253 3175 439 3245 naturalem,
468 3178 519 3255 qui
549 3179 760 3239 tantummodo
789 3178 978 3239 extrinsecus
1007 3180 1053 3239 sui
1076 3180 1280 3260 cognitionem
1309 3180 1397 3241 nobis

256 3276 396 3346 instillet,
436 3279 489 3340 sed
529 3300 601 3342 vero
640 3283 820 3343 existentiae
862 3292 983 3344 nostrae
1022 3284 1202 3364 principium
1242 3284 1274 3344 in
1307 3284 1395 3347 nobis

253 3379 325 3458 ipsis
353 3380 445 3442 situm
474 3401 555 3453 esse,
583 3403 644 3464 quo
671 3369 857 3446 intrinsecus¹
881 3388 1046 3467 agitemur,
1075 3387 1227 3465 sequitur,
1257 3385 1296 3447 ob
1325 3406 1394 3448 ean·

253 3482 322 3543 dem
344 3483 499 3545 affinitatis
519 3486 618 3566 legem
640 3488 672 3548 in
694 3489 761 3548 aliis
782 3508 902 3569 quoque
925 3488 979 3550 llei
998 3490 1230 3569 patefactionem
1248 3507 1304 3550 nos
1323 3491 1392 3551 ada-

252 3591 387 3645 maturos
414 3603 487 3646 esse.
530 3585 597 3656 Quo
624 3589 757 3670 penitius
785 3591 880 3670 igitur
908 3589 962 3652 Dei
991 3591 1217 3653 immanentiam
1245 3595 1392 3674 persenti·

282 3887 303 3949 ³)
321 3888 435 3938 Ceterum
454 3890 625 3957 rempublicam
644 3909 699 3944 cum
719 3893 822 3960 Hegelio
841 3895 999 3946 deliniendam
1018 3911 1068 3946 esse
1088 3895 1143 3956 ,dia
1159 3897 1331 3951 Wirldichkeit
1348 3901 1390 3952 der

257 3974 417 4032 ,gesammten
438 3972 561 4024 sitilichen
581 3973 666 4035 ldae”,
683 3993 731 4027 non
750 3980 875 4043 propterea
892 3995 947 4030 cum
963 3992 1067 4028 mussat
1084 3981 1140 4042 (Dic
1154 3983 1225 4032 tuta.
1243 4000 1267 4033 u.
1283 3983 1389 4048 Reform.

252 4047 374 4126 Istactenl.
392 4069 413 4106 c.
431 4055 455 4105 d.
472 4056 571 4106 Kircte.
588 4057 611 4106 S.
631 4057 654 4121 5)
673 4063 697 4109 ει
713 4073 845 4110 somnust
863 4064 980 4124 (nnszoc.
998 4062 1197 4130 RealEncyclop.
1210 4064 1236 4115 in
1248 4080 1271 4115 r.
1290 4065 1387 4116 Kirete.

251 4129 276 4180 8.
304 4133 361 4195 593)
387 4151 461 4200 nego,
479 4139 542 4203 quod
563 4139 680 4192 iustitiam
697 4141 739 4192 illa
759 4142 924 4194 tantummodo
941 4146 1069 4209 spectaret,
1087 4145 1184 4211 (quippe
1198 4164 1258 4213 qnae
1277 4150 1388 4200 idealitea

254 4215 333 4262 sumta
358 4231 452 4266 omnem
480 4219 641 4270 moralitatem
666 4225 857 4290 complectitur),
880 4228 921 4278 sed
952 4241 1008 4276 vero
1031 4228 1094 4292 quud
1124 4233 1247 4280 externam
1266 4232 1388 4282 iustitiam

251 4292 322 4342 unice
343 4297 459 4357 cuatodit,
485 4301 509 4349 et
525 4300 606 4352 indole
626 4319 668 4353 sua
683 4303 816 4370 legalitatis
835 4309 957 4376 principio
979 4309 1108 4358 necessarie
1126 4309 1290 4374 alligassent,
1308 4313 1385 4379 quod,

250 4374 296 4422 etsi
322 4378 454 4428 moralitati
481 4381 573 4446 egregie
598 4399 641 4448 pro
663 4388 770 4452 tempora
791 4389 901 4454 prodesse
920 4391 1007 4458 possit,
1025 4391 1098 4441 nimis
1117 4395 1197 4444 tamen
1217 4395 1268 4445 eina
1285 4398 1385 4446 naturae

251 4455 335 4518 officit,
361 4476 431 4526 quam
458 4463 486 4511 ut
510 4462 562 4512 eius
578 4465 714 4530 'perfectam
737 4471 860 4522 notionem
885 4472 915 4522 ad
940 4472 1037 4538 plenam
1062 4489 1136 4540 usque
1164 4475 1282 4541 explicare
1305 4481 1385 4543 posset

250 4552 362 4604 unquam.
955 4577 957 4582 ·
