3240 5100
829 249 889 310 120

629 448 650 530 ἦ
673 449 699 510 7.
742 433 784 510 lie
805 447 952 510 Ecclesiae
972 449 1090 510 ciaccolo.

328 659 420 719 Recte
450 658 527 719 vidit
555 659 571 716 ir
601 655 694 718 Lusco
724 657 878 718 societatis
906 657 1062 719 cuiusdam
1090 658 1245 718 vinculum
1274 675 1335 718 non
1355 675 1428 717 esse

288 763 321 822 in
343 771 470 822 externa
489 761 619 841 quadarn
638 760 787 820 sociorum
805 761 1019 821 convenientia
1038 761 1261 839 quaerendum,
1281 761 1334 822 sed
1352 779 1431 821 vero

288 868 319 926 in
348 865 512 945 principio,
542 864 623 924 unde
653 862 760 922 similis
785 862 878 921 animi
900 863 1030 942 impetus
1052 861 1179 941 singulis
1200 862 1289 921 sociis
1310 862 1430 922 inditus

284 979 339 1030 est.
382 967 556 1028 Istiusmodi
586 975 689 1027 autem
720 966 952 1026 consociationis
978 967 1009 1026 in
1044 965 1175 1026 Ecclesia
1207 965 1359 1026 vinculum
1393 965 1428 1024 in

287 1073 352 1152 ipso
373 1070 442 1132 lesu
464 1069 582 1130 Christo
605 1066 842 1146 deprehendisse
865 1067 921 1126 sibi
940 1067 1078 1136 videtur,
1100 1086 1193 1146 quare
1213 1067 1341 1130 totidem
1360 1087 1428 1127 ver-

288 1175 335 1235 bis
357 1183 502 1236 testatur:
545 1170 706 1232 »Christus
728 1180 790 1240 cst,
813 1171 865 1250 qui
888 1171 1011 1251 spiritus
1033 1173 1080 1230 sui
1102 1172 1224 1232 vinculo
1246 1191 1300 1232 nos
1322 1190 1426 1232 conso·

290 1279 388 1345 sciat,
417 1287 452 1337 ut
482 1275 600 1336 omissis
631 1275 743 1334 nostris
765 1274 938 1344 affectibus,
960 1275 1193 1355 posthabitaque
1213 1285 1316 1336 nostra
1335 1276 1426 1357 (quae

287 1383 392 1442 »nulla
415 1379 474 1460 cst)
496 1381 609 1460 gloria,
639 1380 724 1439 illurn
748 1380 845 1440 solum
868 1379 1054 1440 unanimiter
1075 1379 1244 1440 coniunctis
1266 1379 1354 1440 simul
1375 1398 1426 1440 vo·

287 1486 349 1546 »tis
378 1487 491 1546 nostris
518 1483 657 1544 omnibus
685 1483 907 1551 collaudemus,
938 1491 1145 1560 testemurque
1167 1491 1270 1542 nost-ra
1292 1483 1428 1562 ipsorum

243 1639 245 1643 .
288 1589 524 1650 »coniunctione
548 1587 643 1648 Deum
673 1604 745 1648 vero
775 1606 840 1647 csse
871 1585 965 1646 Deum
992 1596 1131 1646 nostrum
1153 1596 1184 1646 et
1206 1605 1260 1646 nos
1281 1587 1428 1667 populum

287 1691 449 1773 »illius¹).''
493 1689 550 1752 Ubi
573 1701 677 1762 eontra
701 1689 865 1750 Ecclesiam
887 1689 943 1750 sub
966 1688 1095 1750 aedificii
1116 1690 1247 1770 imagine
1270 1690 1326 1750 sibi
1345 1691 1427 1770 cogi·

285 1805 345 1864 tat,
368 1794 603 1856 fundamentum
626 1795 741 1873 potius,
764 1813 852 1872 quam
876 1793 1030 1853 vinculum
1053 1791 1204 1852 Ecclesiae
1223 1812 1360 1872 premere
1379 1811 1428 1853 so-

285 1900 345 1968 let,
374 1899 517 1977 quoniam
546 1897 648 1956 variae
675 1896 804 1958 aedificii
827 1907 928 1976 partes
951 1915 1012 1956 non
1036 1906 1097 1956 tarn
1120 1906 1276 1957 caemento
1298 1916 1332 1956 ac
1353 1897 1427 1956 reti·

283 2002 399 2063 naculis
429 2000 644 2069 continentur,
674 2020 763 2080 quam
789 2002 854 2080 ipso
876 2001 977 2080 potius
1000 2000 1213 2070 fundamento,
1244 2001 1324 2080 quod
1346 2001 1370 2060 si
1392 2001 1426 2060 in

281 2106 399 2166 lubrico
429 2103 561 2184 positum
591 2103 764 2173 collabitur,
790 2115 821 2165 et
843 2105 942 2184 ipsum
964 2103 1136 2164 aedificium
1158 2115 1278 2166 corruat
1300 2123 1424 2166 necesse

280 2218 335 2270 cst.
378 2207 442 2270 lam
465 2210 546 2288 quod
570 2210 689 2290 saepius
712 2210 748 2270 ad
772 2209 857 2270 Pauli
880 2211 977 2273 instar
999 2209 1177 2270 confitetur:
1212 2207 1330 2270 «Credo
1353 2209 1423 2270 Pro·

286 2311 470 2394 »piratarum
503 2323 594 2392 atque
628 2313 841 2394 Apostolorum
874 2313 1043 2374 doctrinam
1072 2333 1137 2374 esse
1166 2313 1289 2374 unicum
1318 2333 1424 2374 verum

269 2427 399 2504 ¹»atque
430 2416 685 2480 absolutissimum
712 2418 945 2478 fundamentum
974 2429 1006 2478 et
1032 2418 1271 2479 stabilimentum
1294 2416 1424 2478 Catholi-

284 2541 359 2582 »oac
390 2521 541 2584 Ecclesiae
554 2521 612 2600 2),”
631 2522 712 2601 quod
755 2521 915 2582 »Christus
937 2524 1064 2601 ipsemet
1082 2521 1227 2581 Dominus
1246 2522 1337 2582 solam
1357 2524 1424 2582 eam

283 2625 430 2685 »unicum
452 2644 526 2686 suae
549 2624 701 2686 Ecclesiae
723 2625 956 2686 fundamentum
978 2635 1009 2686 et
1032 2625 1353 2698 stabilimentumesse
1372 2645 1423 2686 vo·

245 2757 247 2762 ·
284 2727 432 2807 »luit³),”
462 2730 499 2789 ab
525 2729 577 2798 iis,
604 2749 681 2808 quae
704 2730 736 2789 in
759 2730 847 2790 initio
868 2730 961 2790 huius
982 2730 1002 2812 ᾗ
1024 2731 1194 2810 posuimuS,
1220 2748 1282 2789 non
1304 2739 1424 2790 tanturn

286 2831 405 2900 differt,
436 2843 582 2912 quantum
612 2834 709 2912 primo
738 2833 847 2894 obtutu
877 2833 1005 2894 videtur.
1053 2832 1173 2894 Etenim
1206 2833 1343 2894 doctrina
1371 2835 1424 2894 illa

283 2936 456 2996 summatim
485 2935 561 2996 nihil
593 2937 675 2996 aliud
698 2956 763 2997 esse
786 2947 904 3006 censet,
948 2937 1029 2996 »dan
1052 2937 1090 2997 de
1112 2937 1264 3016 openbaer
1285 2938 1423 3016 belijdin·

285 3037 366 3120 „ghc
388 3058 482 3119 syner
504 3039 676 3120 lecringhe;
701 3041 856 3102 dewelcke
880 3039 987 3100 Petrus
1008 3049 1051 3100 wt
1074 3040 1133 3100 den
1151 3057 1239 3102 name
1262 3061 1319 3102 van
1343 3041 1422 3100 allen

286 3143 472 3223 nApostelen
512 3144 590 3204 ende
630 3144 707 3203 oock
743 3145 798 3204 cler
837 3143 1004 3224 gantschen
1038 3143 1249 3224 Glremeynten
1282 3145 1421 3226 ghedaen

285 3230 407 3316 almost,
437 3247 515 3308 ende
542 3248 697 3308 dewelcke
721 3247 858 3308 Christus
880 3250 962 3308 solve
984 3247 1136 3328 betuyght
1158 3248 1217 3309 den
1240 3250 1350 3329 grondt
1372 3269 1422 3328 zy-

286 3369 364 3411 »ner
392 3351 505 3411 kercka
530 3360 560 3411 te
590 3351 766 3430 wesenl),'’
794 3387 833 3396 —
859 3353 908 3412 vel
937 3353 1059 3413 brevius
1085 3353 1191 3412 etiam:
1228 3353 1305 3414 nihil
1339 3354 1422 3414 aliud

285 3457 423 3516 doctrina
446 3456 474 3515 ci
497 3456 593 3524 valet,
616 3475 705 3533 quarn
728 3456 826 3534 ipsum
845 3454 1061 3536 Euangelium,
1083 3475 1144 3535 quo
1166 3457 1311 3537 intelligit
1340 3458 1422 3516 »lae-
1490 3512 1494 3522 ,

286 3585 299 3612 »
311 3569 374 3618 tum
396 3559 538 3619 nuntium
561 3559 598 3618 de
615 3567 697 3618 certa
716 3569 908 3638 peccatorum
927 3561 1104 3620 remissione
1124 3561 1329 3640 permeritum
1343 3578 1423 3620 sum·

287 3681 391 3722 »inum
423 3661 575 3741 pontificis
608 3663 705 3724 nostri
738 3647 850 3722 Christi
887 3662 1018 3744 lesu⁶).''
1078 3663 1169 3728 Cuius
1212 3663 1421 3742 »Euangelii''

286 3783 379 3843 quum
424 3767 509 3845 »ipse
543 3765 678 3826 Christus
708 3785 814 3847 scopus
844 3777 889 3828 est
922 3787 955 3827 ac
984 3767 1120 3848 tinisa?
1142 3767 1208 3837 ille,
1236 3768 1287 3847 qui
1320 3767 1423 3828 »basis

327 4010 346 4072 ¹)
369 4010 446 4060 nect.
463 4009 493 4058 de
512 4010 620 4058 Sacram.
637 4024 661 4072 p.
681 4007 752 4058 leth.

327 4092 347 4152 Ξ)
365 4093 458 4142 Forma.
476 4107 507 4143 ac
523 4095 570 4140 roi.
588 4093 644 4141 mia.
661 4091 735 4141 lond.
753 4107 776 4156 p.
795 4091 835 4142 32.

327 4173 347 4233 ³)
367 4173 440 4236 Parc.
462 4173 518 4224 min.
541 4173 654 4238 Francos.
676 4189 700 4237 p.
723 4172 763 4226 27.
790 4173 827 4222 cf.
852 4173 981 4234 Elector
1004 4175 1108 4225 Sacram.
1130 4175 1204 4239 praes.
1224 4193 1247 4240 p.
1272 4177 1295 4226 9.
1318 4180 1365 4243 Ep.
1389 4181 1426 4230 acl

288 4255 381 4318 Siqiam.
397 4255 451 4304 Pol.
468 4271 517 4319 req.
536 4254 572 4316 (in
589 4256 675 4305 Forma
692 4272 722 4304 ec
738 4261 785 4306 rat.
807 4257 863 4306 min.
886 4257 960 4308 Loaad.
978 4273 1002 4321 p.
1021 4257 1080 4320 76.).
1104 4257 1131 4306 in
1150 4258 1202 4323 ipso
1217 4257 1301 4308 libello
1320 4275 1344 4324 p.
1363 4261 1421 4316 307.

288 4339 336 4399 Ep.
353 4336 388 4385 ed
402 4337 464 4385 Dea.
485 4337 567 4400 Geory.
589 4337 649 4396 (Sca.
667 4341 717 4386 ant.
735 4337 769 4386 ΙΙ.
787 4338 823 4388 2³.
842 4339 917 4400 toa).

328 4419 347 4480 ⁴)
368 4419 434 4483 Confi
444 4418 508 4482 fidei
525 4435 548 4483 p.
567 4419 589 4467 6.
609 4421 742 4480 (namuco.
762 4419 837 4481 239).
905 4421 925 4482 5)
943 4423 1029 4472 Forma
1046 4425 1210 4477 ceretaniae.
1228 4425 1344 4491 Lond.p.
1363 4427 1423 4482 179.

326 4503 346 4564 ⁶)
364 4503 407 4566 Ep.
425 4501 460 4550 cd
478 4502 540 4552 Coeo.
558 4505 583 4551 el
600 4503 656 4550 Sea.
674 4502 759 4550 Hemb.
779 4503 870 4566 (Simpl.
888 4518 918 4552 ac
927 4505 974 4569 fid.
993 4519 1058 4562 narr.
1076 4522 1100 4570 p.
1119 4505 1194 4568 223).
1258 4557 1264 4563 ,
