3240 5100
846 289 907 353 118

309 496 477 566 ,Sathena
501 495 557 557 der
579 493 695 555 sondcn
717 492 795 554 ende
817 492 871 554 des
893 492 1055 553 wcereldts
1077 492 1109 553 iu
1131 511 1202 562 ons,
1225 492 1302 554 ende
1325 504 1451 575 regecrt

310 620 388 662 »ons
409 601 484 661 door
505 599 609 680 dynen
631 597 799 677 lreylighcn
821 595 1007 665 Gheest‚...
1030 597 1121 676 opdat
1143 598 1174 657 in
1197 615 1252 658 ons
1270 599 1333 676 dijn
1351 598 1449 675 rijcke

311 705 487 786 »beghinne
500 703 549 784 1).”
591 700 646 762 Dei
675 716 804 781 regnum
833 717 924 780 saepe
952 701 1044 760 etiam
1086 715 1238 782 rrcgnum
1266 701 1378 762 Christi
1390 701 1450 783 ²),''

312 823 464 889 »regnum
485 807 540 867 filii
563 803 668 885 sui³)”
694 805 742 865 vel
765 806 857 864 etiarn
887 805 1040 865 »coeleste
1058 805 1245 886 rognum⁴)”
1264 806 1450 886 appellatur,

311 922 343 973 et
372 912 484 992 duplici
514 910 705 991 potissimum
733 907 955 988 significatione
983 910 1015 969 in
1041 910 1161 989 scriptis
1186 910 1279 989 ipsius
1308 909 1449 969 occurrit.

206 1037 209 1042 ·
312 1014 374 1074 Aut
402 1017 484 1075 euim
505 1023 646 1074 concrete
668 1025 723 1092 pro
744 1012 808 1090 ip'sa
830 1013 960 1072 sumitur
982 1011 1131 1081 Ecclesia,
1152 1012 1206 1072 ubi
1228 1012 1313 1073 dicit:
1349 1011 1450 1092 »lieg-

313 1135 408 1179 anum
437 1117 549 1178 Christi
578 1119 610 1177 in
639 1116 731 1177 terris
757 1125 828 1175 sunt
856 1115 1007 1177 Ecclesiae
1035 1118 1129 1197 ipsius
1142 1117 1197 1198 ⁵),''
1224 1127 1276 1177 aut
1297 1117 1449 1177 abstracto

311 1229 405 1285 sensu
426 1221 540 1282 indicat
561 1222 750 1301 complexum
773 1239 894 1290 corum,
917 1239 994 1300 quse
1016 1241 1071 1301 per
1092 1220 1292 1301 Euangelium
1315 1219 1394 1280 Deus
1415 1221 1449 1279 in

311 1325 435 1386 homine
457 1335 614 1404 praestans
636 1334 780 1404 operetur
800 1335 892 1404 atque
915 1327 1101 1405 praeclarum
1112 1327 1143 1407 ο).
1176 1325 1225 1386 Sic
1246 1345 1273 1386 v.
1292 1345 1317 1386 c.
1350 1322 1449 1404 »Reg-

313 1437 409 1489 »num
430 1427 544 1489 Christi
564 1426 749 1488 fructificare
772 1429 846 1488 dicit
868 1429 900 1488 in
922 1430 1003 1488 omni
1025 1430 1152 1509 pietate,
1176 1428 1290 1490 iustitia
1313 1439 1343 1488 ct
1365 1446 1449 1488 sanc·

311 1531 493 1614 ntitate⁷),'’
518 1541 550 1592 et
572 1532 643 1592 alibi
666 1550 771 1592 rursus
814 1534 923 1612 »regni
946 1532 999 1592 Dei
1021 1534 1053 1593 in
1075 1532 1208 1593 Ecclesia
1230 1551 1283 1592 sua
1305 1551 1449 1613 propaga-

311 1636 451 1696 ·tlonem
479 1636 574 1695 solam
600 1635 694 1715 ipsius
719 1635 847 1715 gloriam
876 1617 994 1716 ess'e⁸),
1037 1637 1118 1716 quod
1146 1635 1277 1697 destruit
1305 1637 1337 1696 in
1362 1636 1451 1696 nobis

312 1746 503 1819 peccatorum
527 1756 655 1818 regnum
677 1748 770 1818 atque
792 1739 937 1821 mundi⁹).
981 1737 1069 1809 Quod
1091 1740 1222 1819 denique
1245 1739 1299 1800 Dei
1321 1753 1451 1820 regnum

312 1843 345 1904 in
368 1840 500 1902 Ecclesia
522 1843 680 1922 propogari
703 1843 832 1911 dicitur,
858 1843 889 1903 id
912 1842 1078 1923 significat:
1120 1844 1194 1902 »dat
1216 1841 1270 1903 ltct
1292 1845 1372 1924 getal
1395 1844 1453 1904 der

314 1944 562 2024 »gheloouighen
578 1945 768 2025 daghelyclix
784 1945 1006 2014 vermeerdert‚
1026 1945 1244 2027 gheheylight‚
1259 1947 1452 2027 ghesterckt,

314 2065 374 2107 »en
404 2048 436 2106 in
458 2047 496 2107 de
519 2047 681 2128 eenicheyt
703 2049 757 2110 des
779 2049 917 2129 ghelools
938 2050 1122 2131 ghehouden
1145 2051 1324 2133 werde¹⁰).’'
1366 2049 1453 2111 Nunc

313 2149 421 2230 igitur·
442 2150 501 2210 iani
530 2149 562 2210 in
588 2149 701 2210 mundo
728 2150 814 2210 adest
840 2149 895 2211 Dei
921 2170 1065 2232 regnum,
1098 2163 1171 2214 tunc
1198 2154 1322 2214 demum
1351 2162 1453 2213 autern

316 2254 461 2314 latissime
482 2253 683 2322 extendetur,
704 2273 797 2332 quum
830 2252 931 2315 »Godt
953 2256 981 2315 al
1003 2257 1034 2315 in
1058 2257 1138 2317 allen
1160 2259 1203 2319 sal
1226 2258 1351 2319 werden
1373 2257 1452 2318 ende

315 2355 484 2436 »hcerlyck
506 2357 696 2436 verschijnen
719 2359 751 2418 in
773 2375 848 2438 syne
872 2358 1045 2440 Heylighen
1059 2360 1121 2441 ¹¹).”

660 2561 682 2642 §
703 2563 730 2622 6.
772 2561 815 2624 De
837 2561 985 2630 Ecclesiae
1005 2563 1109 2625 indole.

359 2767 521 2830 Ecclesiam
552 2769 576 2829 si
599 2770 688 2831 unice
710 2790 727 2831 a
749 2781 835 2851 parte
857 2771 911 2832 llci
933 2775 1087 2852 spectatur
1116 2775 1293 2844 institutum,
1316 2786 1455 2856 respectu

317 2872 476 2932 hominum
498 2883 603 2934 contra
625 2874 785 2936 societatem
806 2875 975 2937 habendam
999 2897 1079 2947 csse,
1105 2897 1195 2958 supra
1219 2879 1357 2940 vidimus.
1397 2880 1455 2941 Ubi

318 2976 413 3055 igitur
431 2974 581 3037 Ecclesiae
604 2979 722 3040 indoles
744 2998 761 3039 e
780 2990 882 3041 mente
892 2979 991 3042 chassi
1013 2981 1187 3045 delinienda
1209 2993 1272 3053 est,
1301 2994 1371 3044 ante
1394 3000 1457 3045 otn-

320 3080 371 3140 nia
400 3080 615 3160 inquirendum
639 3085 714 3154 erit,
740 3085 1039 3145 utruminstitutum
1062 3105 1145 3155 eam,
1174 3106 1212 3147 an
1235 3105 1308 3149 vero
1330 3089 1456 3148 socicta-

321 3193 381 3243 tem
418 3185 519 3264 potius
545 3185 701 3256 habuerim
738 3199 770 3248 ct
798 3198 871 3249 tunc
900 3189 1023 3268 quidem
1073 3191 1248 3251 »instituti''
1278 3192 1457 3254 vocabulum

322 3287 386 3349 scre
415 3306 577 3369 nusquam,
621 3291 809 3352 «societatis''
837 3291 942 3354 ubiubi
971 3293 1009 3354 ad
1037 3292 1201 3356 Ecclesiam
1230 3297 1351 3367 referri,
1379 3299 1458 3359 loco·

363 3632 384 3693 ¹)
403 3635 456 3682 cat.
474 3631 550 3682 Emzd.
567 3631 623 3682 mci.
641 3647 665 3696 p.
684 3631 724 3682 88.
741 3631 779 3684 (11.
797 3635 883 3686 Forma
900 3652 929 3686 cc
945 3638 1009 3688 ratio
1026 3639 1082 3690 mia.
1099 3639 1173 3691 Lond.
1192 3657 1215 3706 p.
1234 3641 1291 3693 501.

364 3713 386 3775 ²)
402 3714 446 3778 Em.
467 3713 501 3761 cd
521 3714 575 3762 Sea.
598 3714 651 3764 Pol.
674 3715 734 3777 (Sor.
756 3722 807 3768 ortt.
831 3718 1171 3786 111.12.73‚4.).au.ac
1189 3723 1274 3775 Christ.
1293 3723 1341 3776 Ill.
1363 3724 1404 3788 (ib.
1423 3726 1459 3780 11.

326 3794 361 3846 2³.
380 3793 455 3856 687.)
473 3795 559 3844 Formo
576 3811 605 3845 oo
621 3799 668 3846 rol.
686 3798 742 3848 mia.
759 3799 834 3850 Lond.
852 3816 875 3864 p.
893 3802 922 3862 4,
940 3801 984 3860 32,
1004 3802 1035 3852 96
1053 3801 1085 3853 al.

338 3933 339 3937 Ἰ
366 3876 386 3940 ³)
405 3877 450 3942 Ep.
474 3879 509 3928 od
528 3880 595 3930 Bell.
619 3881 679 3942 (Sor.
702 3885 752 3932 aot.
776 3883 818 3936 IV.
838 3885 872 3935 1³.
894 3886 943 3934 468
961 3887 986 3934 el
1002 3886 1078 3948 469.)
1096 3887 1139 3952 Ep.
1157 3887 1191 3938 od
1206 3889 1260 3940 See.
1277 3890 1330 3943 Pol.
1351 3891 1392 3955 (ib.
1410 3891 1462 3946 III.

328 3961 363 4014 1⁸.
383 3961 441 4024 64.).
459 3962 545 4012 Forma
562 3977 591 4012 oc
607 3967 655 4013 rat.
672 3965 728 4014 min.
746 3965 821 4017 Lond.
839 3983 862 4030 p.
882 3967 921 4028 37,
940 3968 984 4028 96,
1003 3967 1051 4018 321
1069 3968 1101 4020 el.

367 4042 387 4105 4)
407 4044 493 4093 Formo
510 4057 539 4093 oc
555 4047 602 4095 rol.
620 4046 676 4096 min.
693 4047 768 4098 Laod.
785 4063 808 4112 p.
828 4047 867 4110 37,
885 4043 947 4109 400,
964 4049 995 4100 el.

366 4124 386 4187 ³)
406 4125 449 4189 Ep.
467 4126 503 4176 cul
520 4127 606 4177 Christ.
624 4126 672 4178 III.
693 4131 752 4190 (Ser.
770 4135 821 4180 ent.
839 4131 872 4182 II.
891 4133 926 4183 2⁰.
944 4133 1019 4195 687.)

368 4207 388 4268 ⁰)
409 4207 461 4257 cat.
481 4207 556 4257 Lond.
579 4208 635 4260 moi.
656 4224 679 4273 p.
698 4210 737 4260 88.
760 4211 797 4260 Cf.
817 4213 862 4277 Ep.
885 4213 920 4262 od
934 4215 989 4267 Sese
1010 4215 1064 4265 Pol.
1083 4217 1141 4278 (Sor.
1159 4222 1210 4270 aet.
1227 4218 1276 4270 ΙΙΙ.
1297 4220 1333 4271 1³.
1351 4220 1397 4284 73,
1415 4223 1463 4287 74,

328 4285 387 4350 ta).
406 4281 454 4352 sp.
472 4289 507 4338 aa
522 4290 589 4340 auct.
609 4281 651 4351 (rt.
669 4289 711 4340 iv.
730 4293 765 4342 12.
783 4294 844 4354 aas,
862 4296 937 4358 coos.

369 4368 389 4432 ⁷)
406 4371 449 4435 Ep.
467 4371 502 4420 cd
517 4371 570 4420 Sen.
589 4371 643 4421 Pol.
662 4373 722 4434 (Scr.
741 4378 791 4425 cet.
809 4374 845 4423 11.
865 4377 899 4428 1³.
915 4378 973 4441 64.)

365 4452 385 4516 ⁸)
403 4454 489 4504 Formo
505 4469 534 4504 oc
551 4457 597 4504 rel.
616 4453 672 4505 min.
690 4455 765 4508 Lood.
784 4473 807 4522 p.
826 4457 849 4507 2.
951 4461 969 4524 ⁹)
991 4462 1043 4514 Col.
1060 4462 1135 4516 bend.
1153 4469 1209 4516 mci.
1227 4483 1250 4533 p.
1270 4467 1309 4520 38.

356 4536 386 4599 ¹⁰)
405 4533 441 4588 lb.
577 4535 608 4600 Η)
626 4535 663 4586 Ib.
