3240 5100
749 301 806 368 13¹

217 500 464 580 »quodpraeter
485 510 618 566 mentem
641 500 696 562 Ilei
717 501 1016 582 exponerentuc20).”
1045 500 1123 564 Sena
1141 509 1244 566 cutem
1261 499 1347 560 insti·

217 613 283 664 tuta
312 605 564 686 interpretatione
592 618 700 686 sponte
728 625 844 669 summa
867 603 922 668 Dei
944 607 1083 668 voluntas
1108 624 1125 665 o
1148 624 1171 665 s.
1199 605 1347 683 scriptura

217 709 304 770 nobis
325 711 459 790 prodibit
480 721 604 790 prepter
625 711 778 792 egregiam
800 712 865 772 cius
898 709 1166 789 »perspicuitatem
1185 727 1246 770 non
1266 709 1347 768 enim

218 814 435 894 »cogitandum
463 825 525 884 est,
554 813 648 876 Deum
677 817 720 876 ita
740 815 828 876 nobis
851 815 977 876 obscure
999 825 1051 874 eut
1074 813 1213 893 ambigue
1238 811 1349 872 litteris

219 918 334 980 asacris
361 920 536 988 mandasse,
565 939 642 998 quae
672 920 709 980 ad
735 921 863 981 salutem
889 930 1023 980 nostram
1045 927 1147 978 essent
1168 915 1350 982 necessaria,

221 1033 277 1082 »ut
305 1041 367 1084 non
396 1023 475 1084 clarc
505 1041 539 1084 ac
564 1023 697 1084 dilucide
726 1043 762 1084 ca
788 1024 972 1104 prodiderit,
1002 1033 1096 1102 utque
1122 1039 1184 1082 nnn
1204 1018 1291 1080 facilc
1313 1015 1351 1076 ab

221 1125 383 1188 »omnibus
404 1137 528 1205 possent
549 1126 735 1208 pereipi21).”

261 1229 289 1288 b.
324 1227 409 1288 Verbi
435 1228 633 1290 ministerium.
676 1227 855 1291 Primarium
884 1231 915 1289 in
945 1229 1030 1290 verbi
1059 1229 1228 1289 ministerio
1253 1227 1352 1288 locum

217 1331 475 1420 praedicatio
504 1343 645 1412 occupat,
675 1352 752 1412 quac
781 1345 828 1394 est
871 1333 996 1394 »divine
1027 1331 1179 1394 Ecclesiae
1202 1329 1354 1392 ordinatio

223 1435 385 1496 »instituta
413 1435 451 1496 ad
479 1437 545 1496 eius
573 1435 895 1518 aedificationem22),’'
923 1438 1009 1497 cuius
1037 1435 1197 1516 praecipua
1226 1453 1294 1514 pars
1322 1433 1354 1494 in

222 1557 259 1604 eo
287 1539 441 1608 consistit,
469 1549 504 1599 ut
542 1541 818 1618 »quemadmodum
844 1540 928 1602 uerbi
950 1541 1062 1609 diuini,
1091 1559 1153 1600 non
1175 1548 1277 1598 eutem
1298 1535 1354 1598 hu.-

223 1659 402 1700 »manarum
431 1640 629 1702 traditionum
658 1643 861 1704 ministerium
890 1653 951 1712 est,
980 1644 1022 1704 ita
1051 1661 1126 1722 pura
1151 1643 1244 1702 etiam
1264 1651 1356 1720 atquc

224 1745 421 1824 »incorrupte
449 1744 586 1806 doctrina
616 1746 700 1806 verbi
734 1745 788 1808 uei
817 1745 967 1809 Ecclesiae
997 1746 1357 1826 eiusopctradntr1r¹³).

224 1847 385 1908 »Graviter
410 1866 483 1926 ergo
504 1859 645 1927 peccant,
674 1850 725 1928 qui
749 1850 833 1910 verbi
855 1851 1058 1911 ministerium
1080 1851 1112 1910 in
1135 1848 1267 1910 Ecclesia
1289 1866 1357 1908 con·

225 1961 403 2021 »temnunt,
433 1952 535 2011 rident
557 1962 588 2012 ct
611 1953 837 2034 traducunt²4);
867 1955 957 2015 modo
979 1955 1035 2033 ipsi
1058 1965 1192 2034 pastores
1215 1954 1245 2014 id
1267 1970 1356 2014 curce

225 2056 282 2116 sibi
298 2055 442 2134 cordique
458 2054 606 2126 habeant,
629 2067 662 2116 ut
678 2057 905 2126 doctrinae,
927 2076 1016 2135 quam
1037 2055 1357 2136 populocnnuutiant‚

225 2160 412 2220 »ueritatem
451 2159 545 2220 totius
576 2161 743 2240 scriptume
775 2162 936 2220 consensui
969 2160 1159 2240 approbare''
1194 2177 1359 2238 numquam

225 2264 381 2344 negligant
393 2263 437 2345 ²⁵).
470 2262 586 2324 Unitati
605 2283 725 2343 quoque
744 2274 775 2324 et
794 2265 929 2324 unanimi
950 2283 1018 2327 cum
1040 2263 1185 2324 iratribus
1201 2266 1269 2338 ,suis
1290 2281 1359 2324 con·

226 2368 327 2428 sensui
357 2367 497 2446 religiose
525 2368 749 2448 consulent²⁶),
775 2369 918 2447 quoniam
960 2387 1131 2448 »nusquam
1153 2367 1274 2430 aliunde
1296 2368 1362 2447 plus

227 2471 407 2532 »imminere
430 2489 515 2549 posse
538 2472 662 2550 periculi
685 2482 803 2535 constat
826 2474 856 2533 in
880 2473 1019 2534 erunibus
1038 2471 1194 2541 eeclesiis,
1217 2489 1306 2550 quum
1325 2488 1361 2530 ex

227 2574 407 2634 »doctrinae
438 2575 584 2634 discidiis:
620 2575 695 2636 nihil
725 2595 796 2636 sane
826 2596 922 2655 aeque
944 2577 1036 2636 etium
1059 2577 1132 2636 utile
1158 2593 1224 2636 esse
1247 2584 1361 2654 potest,

228 2696 340 2756 »quam
369 2686 404 2744 ut
433 2677 584 2738 unanimis
612 2678 770 2740 doctrinae
799 2698 962 2740 consensus
984 2680 1016 2739 in
1038 2680 1098 2740 illis
1119 2677 1363 2758 retineatur²‘⁷).’'

228 2778 289 2840 Noc
317 2791 419 2850 tamen
441 2793 564 2861 propter
585 2783 801 2842 minutissimas
823 2801 872 2844 res
894 2795 925 2844 ct
947 2783 1050 2844 sutiles
1072 2782 1261 2861 quisquillias
1282 2781 1363 2842 illico

229 2893 277 2943 cst
297 2885 328 2944 in
350 2895 503 2946 certamen
526 2885 771 2946 descendendum
790 2905 858 2946 cum
877 2887 930 2955 iis,
952 2887 1003 2966 qui
1022 2886 1171 2946 diversam
1191 2884 1363 2963 opinionem

230 2996 372 3056 tuentur,
395 3007 462 3048 nam
497 2989 700 3052 »scindendae
723 2987 874 3050 Ecclesiae
896 3007 956 3049 non
979 3001 1050 3048 sunt
1072 2999 1195 3068 propter
1213 3005 1263 3056 ea,
1286 3006 1363 3066 queo

230 3108 308 3156 »nos
336 3106 373 3149 ex
402 3108 435 3149 se
464 3108 562 3168 neque
584 3091 755 3169 digniores,
784 3109 883 3169 neque
906 3091 1094 3170 indigniores
1115 3108 1216 3150 eoram
1238 3087 1300 3152 Deo
1321 3090 1362 3150 ia-

231 3212 321 3254 scerc
340 3205 465 3272 possunt
477 3193 540 3274 21).”
583 3192 631 3254 Sic
660 3213 780 3273 quoque
803 3194 833 3254 in
856 3194 1049 3255 Confessionc
1072 3193 1159 3262 fidei,
1189 3212 1278 3271 quem
1301 3193 1363 3253 edi·

229 3296 291 3365 dit,
321 3296 477 3362 doctrinae
506 3315 669 3365 summam,
698 3297 735 3356 de
766 3316 823 3376 que
850 3298 970 3358 nonnisi
994 3316 1068 3364 unc,
1097 3314 1221 3358 concors
1242 3306 1273 3356 et
1295 3315 1364 3357 con·

157 3443 161 3450 -
230 3401 365 3462 sentiens
403 3402 435 3460 iu
474 3399 607 3462 Ecclesia
648 3420 705 3462 vox
738 3403 836 3462 audiri
869 3401 976 3472 dehet,
1016 3402 1053 3462 cd
1085 3402 1248 3462 solemnem
1283 3400 1363 3462 Petri

225 3605 518 3613 -—-—-.

261 3737 292 3800 2ο)
310 3739 354 3802 Ep.
372 3738 408 3788 cd
422 3733 547 3788 Herdeed.
564 3739 624 3800 (Ser.
642 3741 692 3787 ant.
710 3735 745 3787 II.
764 3736 799 3788 2⁸.
818 3737 894 3799 637).

261 3820 292 3881 ²¹)
313 3821 390 3870 llaec.
406 3820 436 3869 de
453 3822 557 3870 Sacram.
573 3837 596 3885 p.
614 3819 684 3870 12812.
701 3819 738 3868 Cl.
756 3818 788 3869 ib.
805 3834 828 3883 p.
839 3816 917 3868 eloh.

261 3903 292 3966 ²2)
309 3905 394 3952 Forma
411 3919 440 3952 ac
455 3908 503 3953 ret.
521 3904 576 3953 min.
593 3902 667 3953 cene.
685 3904 775 3968 ppei
791 3901 849 3951 144.
937 3899 968 3962 2³)
986 3898 1023 3950 Ib.
1040 3915 1064 3964 p.
1082 3899 1105 3949 2.
1190 3899 1222 3962 ²⁴)
1241 3898 1277 3950 lb.
1294 3915 1318 3964 p.
1337 3903 1367 3952 e.

261 3985 293 4048 ⁹⁵)
310 3985 379 4037 Adm.
402 3987 428 4035 ic
456 3987 524 4037 Cone.
551 3987 658 4040 Noeiem.
686 3987 776 4050 (Simpl.
802 3999 832 4034 ec
844 3983 892 4050 fid.
912 3999 978 4032 cerr.
998 3997 1021 4046 p.
1044 3982 1102 4044 te).
1121 3980 1157 4034 Gi.
1181 3981 1260 4034 caet.
1279 3984 1311 4034 de
1330 3985 1371 4035 Se-

233 4083 305 4118 crcm.
323 4067 395 4131 prees.
415 4069 454 4118 11.

261 4149 293 4211 ²⁶)
312 4149 398 4199 Ferme
418 4165 447 4198 ec
466 4154 513 4200 rat.
539 4151 595 4200 min.
614 4151 688 4200 lond.
707 4166 730 4214 p.
750 4150 792 4208 19,
811 4148 857 4208 25,
876 4148 921 4208 84,
940 4147 1000 4210 164,
1019 4146 1079 4206 287,
1098 4147 1159 4208 294,
1177 4145 1225 4197 368
1243 4147 1275 4198 el.
1312 4149 1369 4202 Tra·

234 4235 291 4281 etet.
307 4231 337 4281 de
351 4232 455 4280 Secrem
476 4231 529 4296 (Ep.
548 4232 582 4280 cd
596 4232 660 4282 Edu.
681 4232 725 4281 VI.
741 4248 764 4296 p.
783 4231 823 4280 20.
840 4230 913 4294 precs.
932 4230 954 4280 6.
972 4228 996 4276 in
1014 4229 1065 4294 ipso
1082 4228 1135 4290 lib.)
1155 4228 1210 4289 67³,
1229 4231 1370 4282 11421-282.

236 4313 303 4378 Cous.
317 4313 381 4379 fidei
397 4327 421 4376 p.
441 4312 463 4360 5.
486 4313 619 4373 (nnurncu.
638 4313 713 4375 237.).
731 4313 768 4362 Dc
787 4312 953 4362 incarcatione
975 4312 1065 4360 cericei
1081 4327 1103 4377 p.
1121 4311 1148 4371 2,
1166 4312 1373 4376 4111142194]-

235 4397 274 4446 lie.
294 4398 354 4458 (Ser.
375 4399 425 4444 cert.
448 4394 483 4444 II.
501 4395 536 4444 1³.
555 4395 630 4455 632.)
648 4396 693 4458 Ep.
713 4394 748 4444 ed
766 4394 828 4444 Dae.
852 4395 934 4457 θεον).
957 4392 998 4454 (ib.
1017 4392 1051 4441 Il.
1070 4393 1104 4442 1⁸.
1122 4393 1180 4456 506)
1198 4393 1242 4459 Ep.
1258 4393 1293 4444 ad
1306 4395 1372 4446 Bell.

235 4478 277 4542 (ib.
294 4477 337 4528 IV.
360 4477 395 4528 1³.
413 4477 461 4526 451
480 4479 504 4526 el
522 4477 580 4537 453)
599 4476 642 4540 Ep.
660 4476 695 4526 ad
711 4479 767 4526 Sec.
785 4477 838 4528 Pel.
860 4472 900 4538 (ib.
919 4475 960 4524 IV.
980 4476 1014 4524 1⁸.
1032 4476 1108 4537 470).

261 4558 293 4622 ⁹⁷)
314 4561 400 4610 Forma
417 4575 447 4608 ee
462 4563 509 4610 eet.
527 4559 582 4608 min.
600 4549 674 4608 Bend.
691 4572 715 4621 p.
733 4557 789 4611 107.
890 4555 921 4620 28)
940 4555 975 4607 lb.
993 4572 1016 4620 p.
1035 4558 1090 4608 166.

722 4669 726 4678 .
1238 4647 1269 4684 9·
