3240 5100
749 291 809 352 157

212 501 305 553 »sunt
334 494 365 553 in
394 491 526 554 Ecclesia
556 493 723 572 peculiares
751 492 960 552 ministrorum
989 491 1125 561 ordines,
1147 492 1225 552 alter
1246 489 1349 550 Senio·

211 615 317 666 trum,
345 599 423 657 alter
452 597 650 658 Diaconorum
669 596 722 677 ⁸).’'
766 595 827 656 Nec
855 595 980 656 seorsim
1010 605 1082 656 tunc
1111 595 1195 656 verbi
1216 595 1347 656 ministri

210 713 423 771 recensentur,
455 703 597 781 quoniam
631 701 686 760 »ad
720 700 972 780 presbyterorum
1005 701 1091 760 illum
1124 701 1260 760 ordinem
1291 700 1347 778 ipsi

210 824 352 884 »quoqne
388 817 523 884 pastores
552 816 643 884 atque
673 805 812 865 doctores
841 823 945 865 omnes
975 805 1130 883 pertinent
1146 805 1198 885 7).”
1244 803 1347 864 »Nihil

211 909 315 968 »aliud
344 909 445 991 (enim)
474 920 519 968 est
549 910 630 968 inter
658 920 792 989 pastores
822 909 902 988 ipsos
931 909 1132 987 doctoresque
1159 927 1192 966 ac
1215 908 1347 985 reliquos

210 1011 431 1092 »presbyteros
452 1014 630 1083 discrimen,
652 1015 709 1074 nisi
732 1013 813 1093 quod
835 1014 879 1074 illi
902 1013 934 1074 in
956 1012 1040 1072 verbi
1063 1031 1096 1072 ac
1118 1011 1273 1072 doctrinae
1294 1011 1346 1070 mi·

210 1117 358 1177 »nistcrio
379 1117 534 1177 laborant:
555 1119 604 1177 isti
628 1137 700 1177 vero
724 1118 754 1176 in
777 1118 882 1177 eadem
906 1118 967 1196 ipsa
990 1116 1205 1194 gubernandae
1228 1125 1259 1174 et
1278 1133 1346 1176 con·

210 1221 397 1281 »servandae
426 1219 576 1280 Ecclesiae
605 1240 676 1280 cura
706 1241 739 1280 ac
769 1221 905 1282 custodia
933 1221 1017 1281 velut
1039 1221 1112 1280 socii
1134 1218 1346 1302 habentur⁸).”

209 1316 378 1385 »Unirerso
396 1325 467 1384 huie
493 1324 651 1385 Saniorum
671 1326 769 1385 ordini
789 1336 907 1405 praeest
926 1343 1004 1384 unus
1022 1343 1059 1383 ex
1078 1324 1345 1384 illorumnumero

209 1429 268 1488 »ad
298 1431 328 1489 id
350 1431 481 1498 clectuS,
503 1441 537 1488 ut
558 1431 624 1489 eius
646 1431 825 1490 auctoritato
848 1431 999 1492 unanimis
1020 1429 1108 1488 simul
1130 1445 1295 1488 consensus
1314 1428 1344 1486 in

208 1533 321 1593 »rebus
352 1533 490 1593 omnibus
519 1535 697 1594 retineatur.
747 1532 801 1593 Est
830 1544 932 1594 autem
961 1533 1017 1593 hoc
1046 1533 1195 1592 duntaxat
1223 1532 1344 1592 nominc

208 1637 296 1696 »aliis
325 1638 475 1716 superior,
505 1638 585 1716 quod
615 1639 681 1716 plus
708 1637 820 1697 laboris
847 1657 880 1696 ac
907 1655 996 1696 curae
1019 1637 1183 1704 sustinent,
1204 1670 1245 1680 -—
1266 1645 1344 1695 cete-

207 1759 294 1800 »rum
319 1741 349 1800 in
372 1741 456 1802 rcrbi
485 1742 654 1801 ministerio
676 1741 772 1801 nihilo
794 1761 882 1820 quam
906 1741 1014 1818 reliqui
1038 1738 1178 1798 Seniores
1199 1739 1343 1798 maiorem

207 1843 346 1904 »obtinet
376 1846 661 1925 auer01·icatem⁹).”
713 1845 856 1905 Doctores
885 1845 999 1904 nullam
1027 1844 1208 1922 peculiarem
1237 1844 1268 1902 in
1291 1841 1343 1901 Ec·

205 1948 312 2008 clesiae
352 1949 521 2010 ministerio
563 1951 688 2010 classem
735 1951 934 2010 constituunt.
990 1947 1163 2008 Promiseue
1197 1956 1344 2007 ornantur

204 2051 262 2112 hoc
285 2053 390 2118 titulo,
423 2054 473 2130 qui
497 2071 568 2132 prae
590 2055 699 2112 ceteris
722 2064 804 2112 vasta
828 2053 1000 2112 eruditione
1023 2063 1054 2112 ot
1072 2051 1186 2130 ingenii
1206 2052 1343 2110 acumine

205 2156 355 2216 excellent
372 2157 413 2238 ¹⁰).
465 2156 683 2236 Prophetarum
713 2159 843 2237 speciem
878 2157 964 2217 nobis
998 2155 1123 2216 exhibet
1156 2157 1278 2234 quidem
1311 2156 1343 2214 in

206 2257 390 2338 Prophetiis,
412 2263 455 2320 sic
476 2261 581 2330 dictis;
603 2263 655 2322 sed
678 2280 827 2340 nusquam
850 2273 951 2322 tamen
964 2260 1132 2340 Prophetae
1151 2259 1273 2318 nominc
1297 2276 1342 2318 or·

204 2373 332 2431 nentur,
361 2365 411 2442 qui
442 2364 479 2423 ad
507 2363 683 2444 Prophetias
705 2384 742 2424 cx
764 2365 915 2426 Ecclesiae
938 2383 1062 2443 corpore
1085 2363 1285 2442 designantur
1298 2361 1343 2440 ¹¹).

204 2464 415 2545 Apostolorum
449 2469 579 2547 denique
613 2489 722 2530 munus
755 2489 877 2548 prorsus
911 2468 1187 2529 extraordinarium
1219 2465 1342 2535 habuit,

203 2589 354 2648 »quorum
383 2572 584 2633 institutionis
613 2575 675 2652 ipse
703 2572 783 2634 Deus
805 2585 911 2634 auctor
933 2572 1080 2653 ernt'¹²)‚''
1103 2584 1133 2632 et
1157 2588 1254 2649 »quos
1276 2588 1342 2649 pre·

204 2691 316 2734 »eones
346 2676 401 2735 toti
432 2676 497 2736 orbi
527 2687 676 2738 terrerum
706 2697 771 2738 esse
801 2677 971 2758 voluit¹³).''
1014 2676 1166 2738 Habemus
1194 2677 1289 2756 igitur
1310 2677 1342 2734 in

240 2989 259 3049 εἰ)
277 2990 363 3039 Forma
380 3008 409 3040 etc
425 2995 472 3042 rat.
490 2993 538 3042 min
549 2993 630 3044 Lond.
648 3011 671 3058 p.
690 3011 715 3043 a.

242 3069 262 3130 7)
281 3071 316 3119 lb.
334 3073 406 3135 praef.
424 3089 447 3138 p.
467 3073 505 3123 10.
640 3074 660 3136 ⁸)
680 3074 716 3125 Ib.
735 3076 806 3139 praef.
825 3093 848 3140 p.
867 3077 907 3124 11.

242 3154 405 3219 ⁹)Ib.operis
417 3174 440 3222 p.
461 3163 490 3216 β.
525 3155 595 3219 Quod
615 3159 736 3206 contendit
756 3172 856 3206 coclear.
871 3175 892 3208 o.
912 3157 929 3207 l.
949 3157 969 3207 I.
986 3173 1009 3221 p.
1031 3158 1087 3209 340.
1113 3158 1338 3222 superintendentu·

201 3251 251 3284 ram
272 3236 300 3284 ab
320 3235 334 3284 h
353 3239 426 3287 Lasco
446 3255 470 3287 ac
488 3240 564 3288 invito
584 3239 724 3288 institutam
744 3255 807 3297 esse,
829 3238 895 3288 nullo
915 3239 1000 3287 idoneo
1016 3243 1156 3301 argumento
1176 3239 1270 3288 nititur.
1295 3241 1336 3304 Sy·

202 3318 291 3369 nodum
311 3319 401 3371 Eccles.
421 3337 440 3372 s,
460 3337 540 3381 cruce,
562 3337 621 3385 quac
641 3321 666 3369 a⁰
685 3323 748 3375 1571
770 3321 859 3369 Emdae
878 3319 960 3370 habita
979 3323 1027 3378 est,
1050 3321 1077 3369 in
1097 3336 1183 3370 canone
1202 3322 1279 3385 primo
1297 3321 1336 3371 de·

203 3403 315 3453 crevisse:
347 3405 443 3463 „Gheen
467 3405 553 3454 kercke
579 3405 613 3454 sal
636 3421 693 3453 over
713 3421 756 3454 een
776 3405 860 3464 ander,
883 3420 942 3468 geen
963 3404 1060 3454 dlencer
1080 3405 1120 3453 des
1141 3407 1239 3465 recma,
1261 3405 1337 3468 gheen

204 3486 373 3547 ..ouderlinca
394 3487 455 3535 noch
476 3488 560 3536 diaken
580 3487 615 3536 sal
633 3487 701 3536 d’een
721 3503 777 3535 over
797 3487 894 3536 d'ander
913 3487 1056 3552 hecrseappy
1076 3485 1179 3536 voercn’'
1204 3489 1338 3553 (Kcrlreh'jlc

200 3567 367 3631 Haodboelrje,
391 3570 530 3618 Botterdam
554 3570 631 3623 1753.
653 3585 675 3634 p.
698 3571 755 3632 62),
791 3569 897 3618 Goebelii
922 3569 1031 3634 opinioni
1055 3568 1152 3617 minime
1176 3569 1249 3629 savet3
1274 3569 1337 3634 quod

201 3652 266 3700 enim
284 3653 534 3718 superintendentem,
558 3652 649 3703 dumh
672 3653 745 3702 Lasco
766 3653 885 3701 Ecclesiae
906 3653 1025 3701 Emdanae
1046 3655 1164 3716 praeerat,
1187 3651 1275 3700 Emdae
1294 3651 1334 3699 flo-

196 3733 259 3793 ruit,
287 3739 340 3799 port
366 3737 417 3784 eius
443 3742 544 3785 mortem
566 3752 622 3785 aero
648 3735 761 3798 abrogata
786 3740 834 3796 est,
863 3736 945 3786 testari
966 3735 1063 3783 videtur
1086 3735 1165 3800 ipsum
1185 3734 1287 3784 Lascnm
1306 3749 1334 3782 ex

200 3817 276 3866 animi
305 3820 422 3868 sententia
450 3819 522 3868 huius
547 3821 651 3868 muneris
674 3823 801 3883 patronum
825 3819 953 3868 exstitisse.
991 3819 1071 3867 Miror
1095 3834 1170 3883 neque
1195 3815 1334 3866 Lechlernm

200 3898 274 3947 huius
293 3902 398 3950 muneris
414 3901 525 3951 disertam
543 3903 687 3952 mentionem
704 3903 794 3951 secisse.

230 3982 261 4045 ¹⁰)
279 3985 378 4048 Purpat.
399 3987 447 4034 min
471 3985 584 4050 Francos.
605 4003 628 4050 p.
649 3987 688 4035 30.
718 3986 760 4051 Ep.
780 3986 815 4034 ad
832 3987 898 4034 Bull.
921 3986 979 4046 (Ser.
1000 3989 1051 4033 ant.
1072 3983 1114 4032 IV.
1135 3983 1170 4032 1³.
1191 3983 1268 4044 452).
1289 3983 1332 4047 Ep.

201 4066 236 4115 ad
258 4067 310 4116 Sen.
331 4068 384 4116 Pot.
409 4067 450 4129 (ib.
472 4067 519 4117 111.
539 4070 573 4117 ln,
592 4069 668 4130 loa),
693 4069 735 4132 Ep.
758 4069 793 4117 ad
810 4067 933 4116 Hardenb.
955 4065 996 4128 (ib.
1022 4065 1056 4114 II.
1081 4065 1114 4114 1³.
1140 4064 1214 4126 olo).
1237 4065 1274 4112 De
1295 4064 1334 4113 in-

200 4154 292 4199 carnat.
313 4151 402 4200 cartae·
419 4151 445 4201 Ο.
464 4163 499 4201 w.
518 4157 547 4211 β.
565 4152 650 4202 Forma
668 4168 697 4200 ac
713 4155 760 4201 rat.
779 4152 835 4200 min.
852 4150 926 4199 Lond.
945 4148 1017 4212 praei.
1035 4163 1059 4211 p.
1079 4148 1123 4205 10,
1143 4148 1181 4195 11.

231 4231 261 4292 ¹¹)
280 4232 357 4281 hliter
380 4231 472 4281 censuit
495 4246 595 4280 concae
615 4249 636 4282 o.
654 4232 671 4280 l.
690 4233 710 4282 I.
735 4232 794 4289 339,
820 4232 861 4295 qai
885 4229 1009 4294 prophetis
1033 4243 1124 4294 qnoque
1148 4231 1172 4276 et
1197 4228 1332 4278 doctoribus

200 4328 270 4362 sirum
295 4315 320 4362 in
345 4313 410 4362 Eccl.
435 4314 570 4362 ministerio
599 4315 744 4378 peculiarem
768 4313 848 4362 locum
873 4313 986 4376 designat.
1018 4311 1095 4376 Quam
1120 4327 1204 4377 purum
1229 4327 1242 4359 e
1264 4311 1332 4360 Lusci

200 4398 279 4444 mente
299 4396 352 4444 tide
373 4396 399 4444 in
419 4397 504 4445 Forma
522 4413 551 4445 ac
566 4401 613 4446 rat.
631 4399 687 4448 rain.
705 4397 780 4447 Laod.
798 4414 821 4461 p.
841 4395 980 4450 iot—117.

230 4479 260 4540 ¹²)
278 4480 315 4528 De
331 4481 450 4530 incarnat.
470 4481 559 4529 Christi
576 4481 608 4530 H.
627 4492 652 4527 v.
671 4497 695 4542 γ.

229 4562 494 4628 QffipHah
