3228 5102
290 743 293 746 ¹
350 608 393 720 J.
426 605 678 721 CALVINI
707 635 759 710 nr
789 602 831 714 J.
863 611 892 716 l
921 597 1109 714 Lasoo

710 914 747 952 DE

184 1150 388 1230 utcnnstl
413 1151 754 1246 SENTENTIARUM
777 1151 912 1226 INTER
935 1149 984 1224 SE
1009 1140 1271 1223 corrourio.
1298 1247 1300 1258 .

652 1467 807 1514 *mv*

263 1937 481 1996 EXPONITUR
499 1939 525 1996 J.
547 1938 705 1996 CALVINI
723 1939 773 1996 DE
791 1937 968 1997 ECOLESIA
987 1935 1202 1997 SENTENTIA.

628 2213 664 2224 ww
699 2210 843 2225 ΛΛΛΛΛΛΛΛΛΝ·

564 2429 909 2483 ΡΒΑΕΜΟΝΕΝΒΑ.

206 2588 286 2650 Satis
301 2597 408 2649 notum
423 2599 469 2650 est
488 2589 512 2650 J.
534 2589 690 2651 Calvinum
712 2591 744 2650 in
762 2589 819 2650 tvo
837 2609 891 2651 suo
910 2589 1128 2650 »institutionis
1147 2589 1304 2670 religionis

165 2691 403 2753 »Christianae’'
423 2693 501 2754 libro
517 2693 555 2752 de
571 2693 721 2753 industria
737 2711 821 2752 suam
855 2694 915 2754 »de
934 2694 1069 2753 externis
1084 2692 1191 2752 mediis
1203 2691 1241 2752 ad
1259 2711 1304 2753 sn·

165 2795 309 2856 »lutem'’
337 2796 506 2857 condidisse
528 2799 726 2865 sententiam,
755 2797 854 2875 deque
876 2816 912 2858 eo
931 2797 1119 2858 Christianae
1145 2797 1303 2876 religionis

164 2899 245 2968 loco,
267 2900 318 2978 qui
341 2911 386 2960 est
407 2902 445 2961 de
468 2899 614 2971 Ecclesia,
635 2901 819 2962 uberrimam
841 2901 1009 2961 doctrinam
1032 2901 1201 2961 tradidisse.
1244 2899 1302 2959 Res

165 3002 243 3063 adeo
270 3003 411 3064 facillima
440 3014 471 3065 et
495 3006 608 3065 nullius
630 3005 693 3065 lere
715 3005 830 3084 negotii
853 3005 950 3065 videri
968 3015 1068 3084 posset
1090 3004 1236 3064 concinne
1260 3010 1303 3062 at·

166 3125 226 3185 que
255 3106 413 3166 enucleate
442 3107 507 3166 eius
536 3107 574 3166 de
600 3105 731 3166 Ecclesia
758 3107 940 3166 sententiam
969 3108 1000 3167 in
1023 3107 1235 3186 compendium
1257 3124 1303 3165 re·

165 3208 285 3270 doctam
311 3209 377 3269 aliis
405 3227 525 3288 quoque
554 3209 741 3288 expendere;
775 3209 897 3269 obvium
926 3209 989 3268 scil.
1019 3210 1141 3270 videtur
1170 3209 1304 3270 breviter

166 3321 198 3371 et
220 3322 373 3392 compacte
395 3312 526 3380 relerre,
549 3331 625 3391 quae
648 3312 711 3391 ipse
733 3310 874 3371 Calvinus
892 3311 923 3371 in
961 3311 1209 3373 »Institutionis”
1231 3330 1303 3372 suae

165 3415 245 3476 libro
272 3415 368 3476 luslus
397 3416 548 3494 latiusque
570 3415 608 3475 de
627 3413 760 3475 Ecclesia
782 3415 899 3494 digesta
921 3417 1077 3494 exposuit,
1100 3417 1141 3476 ita
1164 3417 1304 3496 quidem,

166 3529 202 3577 ut
220 3519 327 3579 codem
346 3535 468 3597 prorsus
486 3525 698 3594 argumentum
717 3514 954 3575 distribueretur
971 3517 1074 3584 modo,
1093 3517 1198 3577 eadem
1215 3518 1303 3596 plane

166 3621 215 3682 via
238 3641 271 3682 ac
293 3622 410 3681 ratione
433 3619 611 3699 procederet
632 3617 813 3698 disputatio,
836 3627 927 3697 atque
949 3619 1055 3679 similis
1077 3629 1108 3679 et
1130 3625 1250 3699 compar
1271 3621 1304 3681 in

166 3726 294 3786 materie
324 3723 490 3804 digerenda
513 3721 726 3783 observaretur
748 3721 822 3781 ordo
845 3732 935 3800 atque
958 3723 1060 3782 series.
1102 3721 1306 3782 Nihilominus

167 3835 270 3888 tamen
292 3847 326 3888 re
349 3827 517 3888 accuratius
545 3834 701 3906 perspecta
722 3826 813 3904 longe
838 3843 925 3885 secus
943 3825 1017 3884 mihi
1037 3826 1187 3906 agendum
1205 3827 1304 3887 visum

167 3941 230 4002 est,
260 3933 351 3994 variis
380 3931 418 3992 ad
447 3931 477 3992 id
503 3930 628 3990 inducto
650 3929 827 3989 rationibus
872 3927 971 3998 Quum
993 3931 1128 4007 enimin
1160 3929 1305 3990 »Institu-

168 4035 311 4096 »tione’t
331 4053 383 4094 sua
408 4034 446 4094 de
468 4034 610 4094 universa
631 4031 801 4092 Christiana
822 4032 970 4112 religione
992 4043 1126 4093 mentem
1148 4051 1232 4094 suam
1255 4053 1304 4093 ex·

167 4137 295 4214 plicaret
327 4137 481 4206 CalvinuS,
514 4135 665 4196 Ecclesiae
697 4153 766 4195 eum
795 4136 963 4195 necessarie
992 4135 1305 4216 designavitlocum,

168 4258 260 4318 quem
294 4242 386 4302 totius
419 4239 518 4320 operis
546 4239 678 4299 ambitus
706 4239 852 4299 suadebat
880 4239 1065 4300 distributio.
1114 4238 1181 4300 Non
1209 4239 1305 4301 libera

168 4340 265 4421 igitur
286 4355 333 4406 est
355 4356 386 4405 et
408 4343 446 4404 ab
468 4343 549 4403 omni
572 4351 656 4422 parte
676 4343 817 4422 expedita
836 4343 901 4402 eius
920 4343 958 4403 de
977 4341 1108 4404 Ecclesia
1127 4343 1306 4424 disputatio,

169 4447 224 4507 sed
246 4449 331 4518 talis,
353 4445 472 4527 qualem
501 4446 748 4526 praecedentium
769 4445 918 4508 librorum
939 4447 1112 4526 postulabat
1133 4457 1242 4508 natura
1264 4457 1307 4506 at-

169 4565 229 4626 que
258 4551 390 4622 indoles;
418 4569 479 4632 quo
506 4549 635 4620 factum,
651 4558 698 4611 v-ut
714 4549 804 4612 -benc
838 4551 951 4620 multe,
986 4569 1062 4632 quae
1091 4551 1129 4612 ed
1158 4549 1309 4614 Ecclesiae

1154 4649 1165 4686 l
