3240 5100
748 279 808 344 133

582 481 603 564 p
624 485 651 544 2.
697 482 796 545 Cottas
815 484 972 546 celebratio.

254 689 382 751 »Cultus
405 689 546 760 divinus,
577 691 609 750 in
638 710 697 771 quo
722 711 831 774 magna
853 693 975 773 pietatis
996 712 1064 774 pars
1078 693 1124 775 ¹)''
1146 696 1345 776 conspicitur,

213 813 249 854 ea
270 795 387 855 ratione
410 815 425 854 a
449 795 537 856 nohis
559 795 705 858 celebrari
728 797 835 867 dehet,
865 808 899 858 ut
941 799 992 858 »in
1014 799 1124 878 spiritu
1146 799 1293 859 duntaxat
1314 811 1346 860 et

213 900 364 960 »veritate
386 900 519 959 colamus
541 899 618 961 Eum
640 913 731 980 atque
753 902 980 984 adoremus2),'’
1007 903 1143 980 adeoque
1186 903 1346 962 »consistit

213 1004 423 1082 »potissimum
445 1004 476 1062 in
499 1003 620 1064 interno
642 1005 738 1065 nostri
761 1006 860 1066 cordis
881 1015 967 1065 motu
989 1005 1027 1065 ad
1045 1005 1283 1085 resipiscentiam
1297 1005 1346 1087 ³).”

212 1104 266 1166 Est
288 1115 389 1166 tamen
412 1117 557 1168 externus
580 1126 698 1188 quoque
721 1107 775 1168 Dei
797 1110 829 1168 in
850 1107 982 1169 Ecclesia
1004 1127 1057 1168 sua
1080 1110 1195 1178 cultus,
1218 1127 1278 1189 quo
1300 1127 1345 1169 so·

212 1209 354 1269 lemniter
382 1211 564 1272 celebrando
585 1231 647 1272 non
668 1213 777 1274 leviter
795 1211 849 1274 Dei
875 1213 1000 1293 gloriam
1019 1232 1196 1293 promovere
1221 1225 1347 1293 possunt

212 1309 333 1381 fideles,
355 1312 380 1370 si
423 1331 549 1373 »omnes
571 1332 610 1374 sc.
652 1313 725 1375 Eius
746 1313 969 1376 Ecclesiasticas
990 1317 1197 1378 institutiones
1219 1317 1346 1398 diligen·
1420 1373 1422 1376 .

215 1441 227 1470 »
237 1425 284 1476 ter
313 1416 475 1476 observent
500 1416 536 1498 ).''
578 1416 666 1478 Modo
692 1438 786 1498 purus
808 1419 859 1478 ille
882 1419 920 1478 sit
934 1420 971 1501 ε),
1014 1439 1074 1480 »ex
1096 1419 1181 1480 verbi
1203 1419 1257 1480 Dei
1279 1440 1347 1481 auc·

214 1545 226 1572 o
236 1521 359 1580 toritatc
378 1521 537 1581 institutus
549 1521 571 1604 1)
580 1521 606 1591 ,”
627 1523 703 1583 adeo
746 1533 802 1582 »ut
824 1542 878 1602 pro
898 1523 1001 1583 vetitis
1021 1523 1192 1583 habeantur
1214 1525 1348 1585 incultu

213 1623 290 1684 »liei
313 1625 429 1694 omnia,
451 1625 488 1685 de
511 1625 620 1704 quibus
641 1626 718 1686 nihil
740 1627 920 1706 praecepit'’
943 1626 1009 1707 lpse
1021 1627 1052 1709 ⁷).
1085 1627 1228 1688 Precibus
1257 1629 1348 1708 potis·

213 1729 322 1788 simum
344 1738 478 1797 constat,
507 1727 690 1809 hymnorum
712 1742 878 1800 concentu,
907 1731 1026 1791 dierum
1047 1732 1194 1792 festorum
1216 1731 1347 1793 celebra·

212 1833 312 1902 tione,
345 1844 376 1893 et
408 1833 618 1896 observatione
651 1835 850 1905 ieiuniorum,
882 1836 920 1896 de
953 1835 1062 1914 quibus
1095 1836 1222 1916 singulis
1254 1837 1348 1917 igitur

212 1937 306 1998 verbo
327 1937 488 1998 dicendum
510 1938 577 1998 crit.
752 2020 755 2022 -

253 2062 278 2101 a.
310 2041 413 2102 Preces
435 2043 466 2102 in
488 2043 610 2103 nomine
632 2041 745 2103 Christi
767 2043 804 2102 ad
826 2041 946 2104 Patrem
958 2043 996 2124 ⁸),
1018 2045 1065 2105 vel
1087 2045 1232 2106 etiamad
1251 2045 1347 2126 ipsum

212 2145 364 2206 Christum
376 2146 414 2228 1),
437 2147 468 2204 in
487 2147 578 2207 sacris
596 2147 793 2207 concionibus
807 2146 927 2227 publice
946 2147 1073 2208 sundere
1092 2148 1193 2218 iubet,
1216 2158 1247 2209 et
1263 2168 1346 2229 prae·

210 2251 330 2319 sertim,
372 2251 531 2330 »quanda
555 2259 606 2311 aut
629 2251 747 2330 insigne
769 2251 890 2330 aliquod
913 2249 1087 2311 benificium
1109 2249 1242 2312 Ecclesia
1265 2269 1346 2313 acce·

209 2355 291 2434 opit,
324 2365 376 2414 aut
405 2354 523 2434 publica
552 2355 652 2433 aliqua
681 2355 860 2415 necessitate
890 2356 1039 2434 premitur
1058 2354 1129 2436 ¹⁰),’'
1169 2356 1346 2416 solemniter

208 2459 375 2538 peculiares
410 2477 521 2537 easque
550 2458 766 2519 fervidissimas
795 2478 898 2538 preces
926 2461 964 2520 ad
994 2460 1127 2520 divinam
1155 2461 1345 2520 maiestatem

207 2559 339 2622 Ecclesia
361 2562 478 2629 mittat,
515 2563 711 2642 »priusquam
734 2575 897 2624 consuetae
919 2565 994 2624 aliae
1017 2583 1121 2644 preces
1142 2563 1278 2643 publicae
1300 2565 1345 2624 in-

135 2679 136 2682 ’
210 2667 402 2726 »stituantur
415 2665 477 2747 11).”
526 2664 560 2724 In
590 2667 671 2726 omni
701 2676 803 2728 autem
833 2667 1007 2746 precatione
1030 2669 1223 2747 praecipuum
1245 2667 1344 2727 locum

207 2779 422 2850 »peccatorum
439 2769 613 2830 consessio''
636 2780 761 2850 occupet
773 2771 824 2852 12),
847 2781 877 2831 et
899 2790 954 2850 pro
972 2771 1048 2831 vivis
1063 2771 1095 2852 13)
1112 2769 1296 2852 (cumprimis
1319 2773 1342 2832 si
1409 2809 1414 2818 ·

206 2875 259 2952 qui
288 2882 448 2953 aegrotent
460 2872 521 2954 1th
550 2873 630 2954 apud
658 2871 754 2933 Deum
780 2874 956 2935 intercessio
985 2893 1148 2954 numquam
1173 2875 1340 2936 omittatur.
1370 2916 1373 2921 ·

206 2975 406 3036 »Precabitur
434 2977 566 3055 denique
595 2978 784 3037 auscultante
814 2977 945 3038 Ecclesia
976 2979 1060 3038 etin
1083 2997 1181 3058 genua
1204 2993 1340 3059 procum·

206 3106 219 3134 »
229 3080 321 3141 bente
334 3078 381 3158 ¹⁵).

245 3185 274 3245 b.
309 3183 487 3263 Hymreoruoo
504 3190 667 3245 concentor-ro
685 3185 772 3246 valde
791 3184 941 3246 Ecclesiae
960 3184 1176 3254 aedificationi,
1199 3185 1340 3246 etcordis

205 3289 243 3349 ad
272 3287 326 3348 Dei
355 3288 518 3349 sublationi
545 3289 691 3349 inservire
719 3291 868 3369 opinatur.
910 3288 954 3349 Ne
978 3299 1079 3349 autem
1102 3308 1244 3350 sensuum
1266 3290 1339 3350 titil-

203 3393 348 3454 lationem
376 3393 492 3472 potius,
521 3411 611 3472 quam
626 3461 628 3464 ¹
641 3392 694 3454 Dei
716 3395 842 3474 gloriam
859 3412 1011 3472 quaerere
1032 3393 1189 3462 videatur,
1232 3401 1338 3454 etanta

242 3653 263 3716 1)
279 3654 366 3702 roma
382 3664 411 3698 at
426 3649 490 3698 racto
506 3648 562 3698 titt.
578 3647 653 3700 none.
670 3619 693 3713 t.
712 3649 772 3708 eoa,
791 3648 848 3697 aaa.
949 3648 968 3710 ²)
987 3646 1023 3696 n.
1041 3662 1064 3712 p.
1084 3645 1140 3698 171.

242 3735 262 3798 ³)
281 3733 317 3784 Ib.
335 3749 359 3797 p.
378 3731 434 3780 569.
452 3731 489 3780 Gi.
507 3730 540 3780 ib.
558 3747 581 3795 p.
600 3729 640 3782 ¹79.
677 3733 730 3781 Cot.
747 3731 821 3780 lond
840 3730 895 3780 moi.
914 3745 937 3794 p.
956 3729 1002 3789 13,
1021 3729 1066 3786 16,
1085 3727 1124 3776 20.

242 3815 262 3876 1)
280 3816 367 3864 Forma
384 3830 413 3863 ce
428 3814 491 3864 ratio
508 3813 564 3863 mio.
582 3813 655 3863 Laod.
674 3829 696 3876 p.
715 3810 771 3863 171.
872 3811 892 3873 ¹⁵)
912 3809 947 3860 Ib.
964 3825 989 3874 p.
1008 3811 1054 3859 565
1074 3812 1099 3858 et
1117 3809 1174 3863 647.

242 3897 263 3958 ⁶)
283 3897 387 3946 Ibactot.
410 3896 440 3944 de
462 3897 565 3944 Sacram.
590 3910 613 3958 p.
632 3892 685 3945 aab.
709 3894 745 3944 Ol.
770 3893 821 3942 cot.
842 3893 917 3942 Laod.
943 3892 998 3941 mai.
1019 3908 1043 3958 p.
1061 3891 1100 3940 22.
1123 3892 1168 3956 Ep.
1189 3890 1224 3940 od
1244 3892 1336 3942 Orcum.

202 3983 265 4046 (Str.
286 3983 336 4029 ont.
357 3978 392 4028 II.
410 3978 445 4028 2⁸.
464 3978 522 4040 662)
540 3979 583 4042 Ep.
601 3977 636 4026 acl
652 3978 705 4026 Sere.
723 3977 775 4026 Pol.
797 3974 836 4038 (ih.
857 3975 905 4024 III.
923 3976 957 4024 1³.
976 3975 1033 4036 65.).
1051 3977 1095 4040 Ep.
1114 3974 1191 4026 dedic.
1209 3973 1236 4020 in
1251 3972 1337 4024 Forma

203 4079 233 4114 ee
249 4067 296 4113 rat.
314 4061 369 4110 mta.
386 4060 461 4110 band.
478 4077 502 4124 p.
522 4061 552 4120 2,
571 4060 598 4118 3,
619 4059 662 4119 10,
682 4059 721 4109 11.

242 4144 262 4207 ⁷)
282 4147 329 4209 Ep.
346 4143 381 4191 od
398 4145 491 4192 Craom.
511 4143 573 4203 (Sor.
591 4146 640 4191 ant.
659 4141 694 4191 II.
713 4141 747 4192 2³.
766 4140 840 4202 662.)
942 4138 963 4202 ⁸)
985 4141 1036 4189 Cot.
1054 4139 1129 4190 Laod.
1147 4139 1202 4189 mai.
1219 4153 1243 4202 p.
1262 4139 1301 4188 86.

242 4228 261 4289 ⁹)
279 4226 367 4276 Forma
383 4239 413 4274 ac
428 4229 475 4274 rat.
493 4225 548 4274 mio.
565 4223 642 4274 Lond.
659 4239 683 4287 p.
702 4223 746 4283 36,
764 4224 809 4284 45,
828 4221 871 4280 52,
890 4221 952 4280 398,
971 4220 1027 4274 527.

230 4310 262 4372 ¹⁰)
281 4308 317 4357 Ib.
335 4324 359 4373 p.
379 4307 404 4356 d.
423 4305 459 4356 Cf.
476 4304 508 4356 ib.
528 4303 583 4356 547.
668 4304 699 4367 ¹¹)
718 4304 754 4354 Ib.
772 4319 797 4368 p.
815 4305 856 4353 13.
874 4304 910 4353 cf.
928 4303 961 4354 ib.
978 4321 1002 4370 p.
1020 4305 1060 4352 15.
1145 4305 1176 4367 ¹⁹)
1193 4303 1230 4356 Ib.
1245 4319 1270 4368 p.
1283 4304 1323 4354 68.

231 4392 262 4455 ¹³)
281 4394 329 4456 Ep.
347 4391 382 4440 ool
396 4391 463 4439 Ball.
482 4389 544 4451 (Sor.
562 4391 612 4436 aot.
630 4386 673 4438 IV.
694 4388 730 4436 1³.
751 4399 786 4437 nr.
806 4386 892 4438 LXIX.
910 4387 981 4436 LXX.
999 4385 1077 4436 LXXI
1089 4389 1113 4436 et
1125 4388 1224 4440 LXXII.
1249 4387 1335 4441 Forma

201 4489 231 4526 ac
246 4477 293 4524 rctt.
311 4473 366 4522 mio.
384 4470 460 4521 hond.
478 4486 501 4534 p.
520 4468 563 4529 31,
582 4469 626 4526 36,
644 4469 690 4529 45,
708 4469 752 4528 52,
771 4469 832 4527 133,
850 4469 907 4521 247.

231 4556 263 4621 11)
282 4554 368 4610 Formo
384 4569 414 4607 oo
430 4559 477 4608 rot.
495 4555 550 4606 mio.
567 4552 643 4605 band.
661 4552 717 4608 632,
819 4551 849 4615 ¹⁵)
867 4549 905 4604 Ih.
923 4567 946 4622 p.
964 4551 1004 4606 45.
1023 4550 1059 4603 Ol.
1078 4551 1108 4606 ib.
1127 4567 1150 4620 p.
1169 4553 1226 4608 143.
