<?xml version="1.0" encoding="UTF-8"?>
<!DOCTYPE html PUBLIC "-//W3C//DTD XHTML 1.0 Transitional//EN"
    "http://www.w3.org/TR/xhtml1/DTD/xhtml1-transitional.dtd">
<html xmlns="http://www.w3.org/1999/xhtml" xml:lang="en" lang="en">
 <head>
  <title>
</title>
<meta http-equiv="Content-Type" content="text/html;charset=utf-8" />
  <meta name='ocr-system' content='tesseract 3.04.00' />
  <meta name='ocr-capabilities' content='ocr_page ocr_carea ocr_par ocr_line ocrx_word'/>
</head>
<body>
  <div class='ocr_page' id='page_1' title='image "./disquisitiohist00kuypgoog_0180.png"; bbox 0 0 3240 5100; ppageno 0'>
   <div class='ocr_carea' id='block_1_1' title="bbox 820 295 880 354">
    <p class='ocr_par' dir='ltr' id='par_1_1' title="bbox 820 295 880 354">
     <span class='ocr_line' id='line_1_1' title="bbox 820 295 880 354; baseline 0.033 -2"><span class='ocrx_word' id='word_1_1' title='bbox 820 295 880 354; x_wconf 74' lang='lat' dir='ltr'><strong>t58</strong></span> 
     </span>
    </p>
   </div>
   <div class='ocr_carea' id='block_1_2' title="bbox 280 491 1419 662">
    <p class='ocr_par' dir='ltr' id='par_1_2' title="bbox 280 491 1419 662">
     <span class='ocr_line' id='line_1_2' title="bbox 280 491 1419 578; baseline -0.004 -21"><span class='ocrx_word' id='word_1_2' title='bbox 280 499 413 578; x_wconf 73' lang='lat' dir='ltr'><strong>syllegae</strong></span> <span class='ocrx_word' id='word_1_3' title='bbox 440 495 567 556; x_wconf 82' lang='lat' dir='ltr'><strong>sormam</strong></span> <span class='ocrx_word' id='word_1_4' title='bbox 594 495 747 556; x_wconf 86' lang='lat' dir='ltr'><strong>redactam</strong></span> <span class='ocrx_word' id='word_1_5' title='bbox 775 494 854 555; x_wconf 89' lang='lat' dir='ltr'><strong>banc</strong></span> <span class='ocrx_word' id='word_1_6' title='bbox 881 494 1090 554; x_wconf 87' lang='lat' dir='ltr'><strong>ministrorum</strong></span> <span class='ocrx_word' id='word_1_7' title='bbox 1118 494 1150 554; x_wconf 90' lang='lat' dir='ltr'><strong>in</strong></span> <span class='ocrx_word' id='word_1_8' title='bbox 1179 491 1264 554; x_wconf 86' lang='lat' dir='ltr'><strong>Lasci</strong></span> <span class='ocrx_word' id='word_1_9' title='bbox 1285 491 1419 553; x_wconf 78' lang='lat' dir='ltr'><strong>Ecclesia</strong></span> 
     </span>
     <span class='ocr_line' id='line_1_3' title="bbox 280 601 475 662; baseline -0.015 -1"><span class='ocrx_word' id='word_1_10' title='bbox 280 601 475 662; x_wconf 86' lang='lat' dir='ltr'><strong>divisionem:</strong></span> 
     </span>
    </p>
   </div>
   <div class='ocr_carea' id='block_1_3' title="bbox 383 804 1306 1510">
    <p class='ocr_par' dir='ltr' id='par_1_3' title="bbox 383 804 1306 1510">
     <span class='ocr_line' id='line_1_4' title="bbox 383 804 1306 868; baseline -0.004 0"><span class='ocrx_word' id='word_1_11' title='bbox 383 805 512 868; x_wconf 83' lang='lat' dir='ltr'><strong>Ministri</strong></span> <span class='ocrx_word' id='word_1_12' title='bbox 534 807 628 868; x_wconf 89' lang='lat' dir='ltr'><strong>verbi.</strong></span> <span class='ocrx_word' id='word_1_13' title='bbox 803 805 909 866; x_wconf 90' lang='lat' dir='ltr'><strong>Gladii.</strong></span> <span class='ocrx_word' id='word_1_14' title='bbox 1115 804 1306 865; x_wconf 76' lang='lat' dir='ltr'>Tabularum.</span> 
     </span>
     <span class='ocr_line' id='line_1_5' title="bbox 383 1011 1304 1094; baseline -0.003 -20"><span class='ocrx_word' id='word_1_15' title='bbox 383 1016 411 1074; x_wconf 86' lang='lat' dir='ltr'><strong>i.</strong></span> <span class='ocrx_word' id='word_1_16' title='bbox 433 1013 574 1075; x_wconf 89' lang='lat' dir='ltr'><strong>Seniores</strong></span> <span class='ocrx_word' id='word_1_17' title='bbox 735 1017 762 1074; x_wconf 63' lang='grc' dir='ltr'><strong>ἓ.</strong></span> <span class='ocrx_word' id='word_1_18' title='bbox 785 1011 987 1094; x_wconf 72' lang='lat' dir='ltr'><strong>Magistratus.</strong></span> <span class='ocrx_word' id='word_1_19' title='bbox 1121 1013 1148 1072; x_wconf 87' lang='lat'><strong>3.</strong></span> <span class='ocrx_word' id='word_1_20' title='bbox 1171 1012 1304 1074; x_wconf 82' lang='lat' dir='ltr'><strong>Diaconi.</strong></span> 
     </span>
     <span class='ocr_line' id='line_1_6' title="bbox 435 1117 623 1178; baseline 0 -1"><span class='ocrx_word' id='word_1_21' title='bbox 435 1135 462 1178; x_wconf 88' lang='lat' dir='ltr'><strong>a.</strong></span> <span class='ocrx_word' id='word_1_22' title='bbox 484 1117 623 1178; x_wconf 82' lang='lat' dir='ltr'><strong>Ministri.</strong></span> 
     </span>
     <span class='ocr_line' id='line_1_7' title="bbox 485 1221 802 1300; baseline 0.003 -19"><span class='ocrx_word' id='word_1_23' title='bbox 485 1247 512 1281; x_wconf 85' lang='grc' dir='ltr'><strong>α.</strong></span> <span class='ocrx_word' id='word_1_24' title='bbox 535 1221 802 1300; x_wconf 90' lang='lat' dir='ltr'><strong>Superintendens.</strong></span> 
     </span>
     <span class='ocr_line' id='line_1_8' title="bbox 487 1322 820 1401; baseline -0.003 -15"><span class='ocrx_word' id='word_1_25' title='bbox 487 1328 514 1401; x_wconf 82' lang='grc' dir='ltr'><strong>β.</strong></span> <span class='ocrx_word' id='word_1_26' title='bbox 536 1323 675 1387; x_wconf 86' lang='lat' dir='ltr'><strong>Ministri.</strong></span> <span class='ocrx_word' id='word_1_27' title='bbox 783 1327 789 1336; x_wconf 87' lang='grc'><em>“</em></span> <span class='ocrx_word' id='word_1_28' title='bbox 817 1322 820 1326; x_wconf 80' lang='grc'><strong>’</strong></span> 
     </span>
     <span class='ocr_line' id='line_1_9' title="bbox 442 1429 672 1510; baseline 0.004 -20"><span class='ocrx_word' id='word_1_29' title='bbox 442 1430 466 1490; x_wconf 86' lang='lat' dir='ltr'><strong>b.</strong></span> <span class='ocrx_word' id='word_1_30' title='bbox 490 1429 672 1510; x_wconf 76' lang='lat' dir='ltr'><strong>Presbyteri.</strong></span> 
     </span>
    </p>
   </div>
   <div class='ocr_carea' id='block_1_4' title="bbox 635 1633 1072 1718">
    <p class='ocr_par' dir='ltr' id='par_1_4' title="bbox 635 1633 1072 1718">
     <span class='ocr_line' id='line_1_10' title="bbox 635 1633 1072 1718; baseline -0.011 -20"><span class='ocrx_word' id='word_1_31' title='bbox 635 1635 656 1718; x_wconf 51' lang='grc' dir='ltr'><strong><em>ᾗ</em></strong></span> <span class='ocrx_word' id='word_1_32' title='bbox 678 1637 705 1698; x_wconf 93' lang='grc'><strong>3.</strong></span> <span class='ocrx_word' id='word_1_33' title='bbox 747 1633 947 1695; x_wconf 74' lang='lat' dir='ltr'><strong>Ministroaum</strong></span> <span class='ocrx_word' id='word_1_34' title='bbox 966 1634 1072 1694; x_wconf 84' lang='lat' dir='ltr'><strong>electio.</strong></span> 
     </span>
    </p>
   </div>
   <div class='ocr_carea' id='block_1_5' title="bbox 284 1839 1425 2754">
    <p class='ocr_par' dir='ltr' id='par_1_5' title="bbox 284 1839 1425 2754">
     <span class='ocr_line' id='line_1_11' title="bbox 326 1839 1423 1924; baseline -0.007 -18"><span class='ocrx_word' id='word_1_35' title='bbox 326 1845 418 1906; x_wconf 90' lang='lat' dir='ltr'><strong>Serio.</strong></span> <span class='ocrx_word' id='word_1_36' title='bbox 432 1846 620 1924; x_wconf 80' lang='lat' dir='ltr'><strong>inquiramus</strong></span> <span class='ocrx_word' id='word_1_37' title='bbox 641 1845 760 1924; x_wconf 87' lang='lat' dir='ltr'><strong>quales,</strong></span> <span class='ocrx_word' id='word_1_38' title='bbox 782 1863 797 1902; x_wconf 91' lang='lat' dir='ltr'><strong>a</strong></span> <span class='ocrx_word' id='word_1_39' title='bbox 821 1843 930 1922; x_wconf 89' lang='lat' dir='ltr'><strong>quibus</strong></span> <span class='ocrx_word' id='word_1_40' title='bbox 951 1843 1118 1922; x_wconf 88' lang='lat' dir='ltr'><strong>quomodo,</strong></span> <span class='ocrx_word' id='word_1_41' title='bbox 1133 1853 1168 1902; x_wconf 89' lang='lat' dir='ltr'><strong>et</strong></span> <span class='ocrx_word' id='word_1_42' title='bbox 1183 1842 1296 1921; x_wconf 89' lang='lat' dir='ltr'><strong>quibus</strong></span> <span class='ocrx_word' id='word_1_43' title='bbox 1314 1839 1423 1900; x_wconf 86' lang='lat' dir='ltr'><strong>ritibus</strong></span> 
     </span>
     <span class='ocr_line' id='line_1_12' title="bbox 284 1944 1423 2029; baseline -0.006 -20"><span class='ocrx_word' id='word_1_44' title='bbox 284 1949 419 2029; x_wconf 84' lang='lat' dir='ltr'><strong>eligendi</strong></span> <span class='ocrx_word' id='word_1_45' title='bbox 442 1951 511 2010; x_wconf 89' lang='lat' dir='ltr'><strong>sint.</strong></span> <span class='ocrx_word' id='word_1_46' title='bbox 534 1969 558 2009; x_wconf 90' lang='lat' dir='ltr'><strong>a.</strong></span> <span class='ocrx_word' id='word_1_47' title='bbox 584 1949 699 2020; x_wconf 78' lang='lat' dir='ltr'><strong>Quales.</strong></span> <span class='ocrx_word' id='word_1_48' title='bbox 742 1949 777 2008; x_wconf 90' lang='lat' dir='ltr'><strong>ln</strong></span> <span class='ocrx_word' id='word_1_49' title='bbox 803 1948 946 2008; x_wconf 89' lang='lat' dir='ltr'><strong>universo</strong></span> <span class='ocrx_word' id='word_1_50' title='bbox 965 1948 1133 2008; x_wconf 82' lang='lat' dir='ltr'><strong>istiusmodi</strong></span> <span class='ocrx_word' id='word_1_51' title='bbox 1152 1946 1291 2007; x_wconf 89' lang='lat' dir='ltr'><strong>homines</strong></span> <span class='ocrx_word' id='word_1_52' title='bbox 1309 1944 1423 2023; x_wconf 85' lang='lat' dir='ltr'><strong>requiri</strong></span> 
     </span>
     <span class='ocr_line' id='line_1_13' title="bbox 285 2050 1424 2131; baseline -0.004 -20"><span class='ocrx_word' id='word_1_53' title='bbox 285 2053 392 2111; x_wconf 76' lang='lat' dir='ltr'><strong>statuit</strong></span> <span class='ocrx_word' id='word_1_54' title='bbox 420 2063 539 2120; x_wconf 89' lang='lat' dir='ltr'><strong>noster,</strong></span> <span class='ocrx_word' id='word_1_55' title='bbox 568 2053 620 2131; x_wconf 91' lang='lat' dir='ltr'><strong>qui</strong></span> <span class='ocrx_word' id='word_1_56' title='bbox 650 2052 703 2110; x_wconf 80' lang='lat' dir='ltr'><strong>»in</strong></span> <span class='ocrx_word' id='word_1_57' title='bbox 731 2050 832 2110; x_wconf 84' lang='lat' dir='ltr'><strong>Sacris</strong></span> <span class='ocrx_word' id='word_1_58' title='bbox 860 2051 970 2111; x_wconf 91' lang='lat' dir='ltr'><strong>studiis</strong></span> <span class='ocrx_word' id='word_1_59' title='bbox 998 2051 1162 2130; x_wconf 79' lang='lat' dir='ltr'><strong>diligenter</strong></span> <span class='ocrx_word' id='word_1_60' title='bbox 1184 2052 1311 2118; x_wconf 88' lang='lat' dir='ltr'><strong>versati,</strong></span> <span class='ocrx_word' id='word_1_61' title='bbox 1332 2050 1424 2108; x_wconf 87' lang='lat' dir='ltr'><strong>certis</strong></span> 
     </span>
     <span class='ocr_line' id='line_1_14' title="bbox 288 2155 1423 2236; baseline -0.004 -20"><span class='ocrx_word' id='word_1_62' title='bbox 288 2175 399 2216; x_wconf 77' lang='lat' dir='ltr'><strong>»verae</strong></span> <span class='ocrx_word' id='word_1_63' title='bbox 429 2157 551 2236; x_wconf 88' lang='lat' dir='ltr'><strong>pietatis</strong></span> <span class='ocrx_word' id='word_1_64' title='bbox 579 2155 701 2227; x_wconf 89' lang='lat' dir='ltr'><strong>officiis,</strong></span> <span class='ocrx_word' id='word_1_65' title='bbox 724 2175 760 2216; x_wconf 92' lang='lat' dir='ltr'><strong>ea</strong></span> <span class='ocrx_word' id='word_1_66' title='bbox 779 2175 813 2215; x_wconf 90' lang='lat' dir='ltr'><strong>se</strong></span> <span class='ocrx_word' id='word_1_67' title='bbox 835 2157 934 2216; x_wconf 90' lang='lat' dir='ltr'><strong>omnia</strong></span> <span class='ocrx_word' id='word_1_68' title='bbox 957 2167 1110 2234; x_wconf 87' lang='lat' dir='ltr'><strong>praestare</strong></span> <span class='ocrx_word' id='word_1_69' title='bbox 1131 2165 1163 2215; x_wconf 89' lang='lat' dir='ltr'><strong>et</strong></span> <span class='ocrx_word' id='word_1_70' title='bbox 1185 2155 1262 2214; x_wconf 85' lang='lat' dir='ltr'><strong>velle</strong></span> <span class='ocrx_word' id='word_1_71' title='bbox 1283 2163 1316 2213; x_wconf 86' lang='lat' dir='ltr'><strong>et</strong></span> <span class='ocrx_word' id='word_1_72' title='bbox 1337 2171 1423 2233; x_wconf 92' lang='lat' dir='ltr'><strong>posse</strong></span> 
     </span>
     <span class='ocr_line' id='line_1_15' title="bbox 287 2257 1424 2338; baseline -0.004 -18"><span class='ocrx_word' id='word_1_73' title='bbox 287 2270 465 2338; x_wconf 79' lang='lat' dir='ltr'><strong>»utcunque</strong></span> <span class='ocrx_word' id='word_1_74' title='bbox 492 2261 648 2320; x_wconf 89' lang='lat' dir='ltr'><strong>declarant</strong></span> <span class='ocrx_word' id='word_1_75' title='bbox 657 2259 683 2328; x_wconf 89' lang='lat'><strong>,&#39;’</strong></span> <span class='ocrx_word' id='word_1_76' title='bbox 715 2279 792 2338; x_wconf 91' lang='lat' dir='ltr'><strong>quac</strong></span> <span class='ocrx_word' id='word_1_77' title='bbox 822 2279 859 2319; x_wconf 89' lang='lat' dir='ltr'><strong>ex</strong></span> <span class='ocrx_word' id='word_1_78' title='bbox 888 2260 1068 2319; x_wconf 88' lang='lat' dir='ltr'><strong>auctoritate</strong></span> <span class='ocrx_word' id='word_1_79' title='bbox 1097 2257 1249 2318; x_wconf 80' lang='lat' dir='ltr'><strong>Ecclesiae</strong></span> <span class='ocrx_word' id='word_1_80' title='bbox 1278 2258 1424 2317; x_wconf 83' lang='lat' dir='ltr'><strong>ministris</strong></span> 
     </span>
     <span class='ocr_line' id='line_1_16' title="bbox 286 2360 1424 2444; baseline -0.004 -21"><span class='ocrx_word' id='word_1_81' title='bbox 286 2364 470 2424; x_wconf 88' lang='lat' dir='ltr'><strong>mandantur</strong></span> <span class='ocrx_word' id='word_1_82' title='bbox 483 2363 512 2444; x_wconf 77' lang='lat'><strong>¹).</strong></span> <span class='ocrx_word' id='word_1_83' title='bbox 554 2360 694 2440; x_wconf 86' lang='lat' dir='ltr'><strong>Inprimis</strong></span> <span class='ocrx_word' id='word_1_84' title='bbox 716 2361 884 2420; x_wconf 87' lang='lat' dir='ltr'><strong>cavendum</strong></span> <span class='ocrx_word' id='word_1_85' title='bbox 905 2372 1024 2430; x_wconf 87' lang='lat' dir='ltr'><strong>monet,</strong></span> <span class='ocrx_word' id='word_1_86' title='bbox 1062 2379 1122 2420; x_wconf 81' lang='lat' dir='ltr'><strong>ane</strong></span> <span class='ocrx_word' id='word_1_87' title='bbox 1147 2360 1325 2440; x_wconf 88' lang='lat' dir='ltr'><strong>Neophytae</strong></span> <span class='ocrx_word' id='word_1_88' title='bbox 1343 2377 1424 2419; x_wconf 87' lang='lat' dir='ltr'><strong>assu·</strong></span> 
     </span>
     <span class='ocr_line' id='line_1_17' title="bbox 287 2464 1424 2544; baseline -0.004 -18"><span class='ocrx_word' id='word_1_89' title='bbox 287 2476 446 2534; x_wconf 76' lang='lat' dir='ltr'><strong>amantur,</strong></span> <span class='ocrx_word' id='word_1_90' title='bbox 477 2474 530 2524; x_wconf 89' lang='lat' dir='ltr'><strong>aut</strong></span> <span class='ocrx_word' id='word_1_91' title='bbox 558 2466 650 2533; x_wconf 89' lang='lat' dir='ltr'><strong>tales,</strong></span> <span class='ocrx_word' id='word_1_92' title='bbox 672 2465 724 2544; x_wconf 91' lang='lat' dir='ltr'><strong>qui</strong></span> <span class='ocrx_word' id='word_1_93' title='bbox 746 2464 844 2544; x_wconf 90' lang='lat' dir='ltr'><strong>turpis</strong></span> <span class='ocrx_word' id='word_1_94' title='bbox 866 2465 955 2534; x_wconf 91' lang='lat' dir='ltr'><strong>lucri,</strong></span> <span class='ocrx_word' id='word_1_95' title='bbox 983 2475 1036 2524; x_wconf 89' lang='lat' dir='ltr'><strong>aut</strong></span> <span class='ocrx_word' id='word_1_96' title='bbox 1058 2465 1195 2544; x_wconf 87' lang='lat' dir='ltr'><strong>propriae</strong></span> <span class='ocrx_word' id='word_1_97' title='bbox 1217 2465 1331 2544; x_wconf 77' lang='lat' dir='ltr'><strong>gloriae</strong></span> <span class='ocrx_word' id='word_1_98' title='bbox 1353 2482 1424 2522; x_wconf 86' lang='lat' dir='ltr'><strong>suae</strong></span> 
     </span>
     <span class='ocr_line' id='line_1_18' title="bbox 287 2567 1425 2650; baseline -0.001 -21"><span class='ocrx_word' id='word_1_99' title='bbox 287 2589 396 2630; x_wconf 76' lang='lat' dir='ltr'><strong>»causa</strong></span> <span class='ocrx_word' id='word_1_100' title='bbox 428 2589 494 2630; x_wconf 90' lang='lat' dir='ltr'><strong>sese</strong></span> <span class='ocrx_word' id='word_1_101' title='bbox 523 2570 680 2630; x_wconf 88' lang='lat' dir='ltr'><strong>insinuant</strong></span> <span class='ocrx_word' id='word_1_102' title='bbox 698 2568 749 2650; x_wconf 85' lang='lat'><strong>¹).&#39;&#39;</strong></span> <span class='ocrx_word' id='word_1_103' title='bbox 799 2567 934 2648; x_wconf 81' lang='lat' dir='ltr'><strong>Denique</strong></span> <span class='ocrx_word' id='word_1_104' title='bbox 964 2567 1114 2628; x_wconf 77' lang='lat' dir='ltr'><strong>Ecclesiae</strong></span> <span class='ocrx_word' id='word_1_105' title='bbox 1142 2569 1283 2628; x_wconf 88' lang='lat' dir='ltr'><strong>electioni</strong></span> <span class='ocrx_word' id='word_1_106' title='bbox 1306 2570 1425 2628; x_wconf 84' lang='lat' dir='ltr'><strong>interna</strong></span> 
     </span>
     <span class='ocr_line' id='line_1_19' title="bbox 287 2670 1425 2754; baseline -0.001 -22"><span class='ocrx_word' id='word_1_107' title='bbox 287 2675 404 2733; x_wconf 89' lang='lat' dir='ltr'><strong>vocatio</strong></span> <span class='ocrx_word' id='word_1_108' title='bbox 423 2674 546 2734; x_wconf 87' lang='lat' dir='ltr'><strong>accedat</strong></span> <span class='ocrx_word' id='word_1_109' title='bbox 564 2693 687 2734; x_wconf 88' lang='lat' dir='ltr'><strong>neeesse</strong></span> <span class='ocrx_word' id='word_1_110' title='bbox 699 2684 762 2743; x_wconf 88' lang='lat' dir='ltr'><strong>est,</strong></span> <span class='ocrx_word' id='word_1_111' title='bbox 783 2684 967 2754; x_wconf 86' lang='lat' dir='ltr'><strong>quapropter</strong></span> <span class='ocrx_word' id='word_1_112' title='bbox 977 2674 1155 2753; x_wconf 82' lang='lat' dir='ltr'><strong>designatus</strong></span> <span class='ocrx_word' id='word_1_113' title='bbox 1165 2684 1307 2753; x_wconf 83' lang='lat' dir='ltr'><strong>rogatur:</strong></span> <span class='ocrx_word' id='word_1_114' title='bbox 1330 2670 1425 2732; x_wconf 79' lang='lat' dir='ltr'><strong>»Sen-</strong></span> 
     </span>
    </p>
   </div>
   <div class='ocr_carea' id='block_1_6' title="bbox 174 2777 1426 2866">
    <p class='ocr_par' dir='ltr' id='par_1_6' title="bbox 174 2777 1426 2866">
     <span class='ocr_line' id='line_1_20' title="bbox 174 2777 1426 2866; baseline -0.002 -28"><span class='ocrx_word' id='word_1_115' title='bbox 174 2857 179 2866; x_wconf 91' lang='lat'><strong>.</strong></span> <span class='ocrx_word' id='word_1_116' title='bbox 287 2780 388 2838; x_wconf 79' lang='lat' dir='ltr'><strong>»tiene</strong></span> <span class='ocrx_word' id='word_1_117' title='bbox 419 2779 574 2838; x_wconf 89' lang='lat' dir='ltr'><strong>internum</strong></span> <span class='ocrx_word' id='word_1_118' title='bbox 604 2779 728 2858; x_wconf 90' lang='lat' dir='ltr'><strong>spiritus</strong></span> <span class='ocrx_word' id='word_1_119' title='bbox 753 2780 808 2838; x_wconf 89' lang='lat' dir='ltr'><strong>scti</strong></span> <span class='ocrx_word' id='word_1_120' title='bbox 830 2779 861 2838; x_wconf 92' lang='lat' dir='ltr'><strong>in</strong></span> <span class='ocrx_word' id='word_1_121' title='bbox 884 2779 974 2838; x_wconf 89' lang='lat' dir='ltr'><strong>corde</strong></span> <span class='ocrx_word' id='word_1_122' title='bbox 998 2789 1050 2838; x_wconf 93' lang='lat' dir='ltr'><strong>tuo</strong></span> <span class='ocrx_word' id='word_1_123' title='bbox 1072 2777 1222 2848; x_wconf 87' lang='lat' dir='ltr'><strong>afflatum,</strong></span> <span class='ocrx_word' id='word_1_124' title='bbox 1243 2778 1426 2838; x_wconf 86' lang='lat' dir='ltr'><strong>excitantem</strong></span> 
     </span>
    </p>
   </div>
   <div class='ocr_carea' id='block_1_7' title="bbox 285 2881 1429 4100">
    <p class='ocr_par' dir='ltr' id='par_1_7' title="bbox 285 2881 1429 4100">
     <span class='ocr_line' id='line_1_21' title="bbox 287 2881 1426 2962; baseline -0.002 -20"><span class='ocrx_word' id='word_1_125' title='bbox 287 2894 337 2942; x_wconf 76' lang='lat' dir='ltr'><strong>ate</strong></span> <span class='ocrx_word' id='word_1_126' title='bbox 370 2882 408 2942; x_wconf 90' lang='lat' dir='ltr'><strong>ad</strong></span> <span class='ocrx_word' id='word_1_127' title='bbox 440 2883 663 2962; x_wconf 88' lang='lat' dir='ltr'><strong>suscipiendum</strong></span> <span class='ocrx_word' id='word_1_128' title='bbox 696 2883 728 2941; x_wconf 92' lang='lat' dir='ltr'><strong>in</strong></span> <span class='ocrx_word' id='word_1_129' title='bbox 759 2881 816 2942; x_wconf 90' lang='lat' dir='ltr'><strong>hac</strong></span> <span class='ocrx_word' id='word_1_130' title='bbox 851 2881 984 2943; x_wconf 85' lang='lat' dir='ltr'><strong>Ecclesia</strong></span> <span class='ocrx_word' id='word_1_131' title='bbox 1023 2883 1158 2942; x_wconf 91' lang='lat' dir='ltr'><strong>delatum</strong></span> <span class='ocrx_word' id='word_1_132' title='bbox 1197 2882 1253 2942; x_wconf 91' lang='lat' dir='ltr'><strong>tibi</strong></span> <span class='ocrx_word' id='word_1_133' title='bbox 1292 2882 1426 2941; x_wconf 90' lang='lat' dir='ltr'><strong>ministe-</strong></span> 
     </span>
     <span class='ocr_line' id='line_1_22' title="bbox 289 2984 1426 3067; baseline -0.002 -22"><span class='ocrx_word' id='word_1_134' title='bbox 289 2987 389 3046; x_wconf 78' lang='lat' dir='ltr'><strong>»rinm</strong></span> <span class='ocrx_word' id='word_1_135' title='bbox 403 2985 454 3067; x_wconf 67' lang='grc'><strong>3).”</strong></span> <span class='ocrx_word' id='word_1_136' title='bbox 484 2986 510 3045; x_wconf 90' lang='lat' dir='ltr'><strong>b.</strong></span> <span class='ocrx_word' id='word_1_137' title='bbox 534 2986 557 3044; x_wconf 83' lang='grc' dir='ltr'><em>Α</em></span> <span class='ocrx_word' id='word_1_138' title='bbox 579 2985 681 3064; x_wconf 82' lang='lat' dir='ltr'><strong>quibus</strong></span> <span class='ocrx_word' id='word_1_139' title='bbox 702 2986 845 3063; x_wconf 83' lang='lat' dir='ltr'><strong>quomodo.</strong></span> <span class='ocrx_word' id='word_1_140' title='bbox 889 2985 919 3045; x_wconf 86' lang='lat' dir='ltr'><strong>Si</strong></span> <span class='ocrx_word' id='word_1_141' title='bbox 939 2987 990 3065; x_wconf 92' lang='lat' dir='ltr'><strong>qui</strong></span> <span class='ocrx_word' id='word_1_142' title='bbox 1013 2987 1143 3046; x_wconf 85' lang='lat' dir='ltr'><strong>ministri</strong></span> <span class='ocrx_word' id='word_1_143' title='bbox 1165 2987 1197 3045; x_wconf 93' lang='lat' dir='ltr'><strong>in</strong></span> <span class='ocrx_word' id='word_1_144' title='bbox 1219 2984 1352 3046; x_wconf 80' lang='lat' dir='ltr'><strong>Ecclesia</strong></span> <span class='ocrx_word' id='word_1_145' title='bbox 1374 2985 1426 3044; x_wconf 90' lang='lat' dir='ltr'><strong>eli·</strong></span> 
     </span>
     <span class='ocr_line' id='line_1_23' title="bbox 287 3084 1426 3169; baseline -0.001 -21"><span class='ocrx_word' id='word_1_146' title='bbox 287 3089 378 3169; x_wconf 80' lang='lat' dir='ltr'><strong>gendi</strong></span> <span class='ocrx_word' id='word_1_147' title='bbox 401 3098 485 3157; x_wconf 91' lang='lat' dir='ltr'><strong>sunt,</strong></span> <span class='ocrx_word' id='word_1_148' title='bbox 515 3089 664 3167; x_wconf 76' lang='lat' dir='ltr'><strong>»quisque</strong></span> <span class='ocrx_word' id='word_1_149' title='bbox 687 3087 718 3145; x_wconf 93' lang='lat' dir='ltr'><strong>in</strong></span> <span class='ocrx_word' id='word_1_150' title='bbox 735 3084 868 3146; x_wconf 85' lang='lat' dir='ltr'><strong>Ecclesia</strong></span> <span class='ocrx_word' id='word_1_151' title='bbox 887 3087 967 3146; x_wconf 87' lang='lat' dir='ltr'><strong>serio</strong></span> <span class='ocrx_word' id='word_1_152' title='bbox 986 3106 1086 3147; x_wconf 91' lang='lat' dir='ltr'><strong>secum</strong></span> <span class='ocrx_word' id='word_1_153' title='bbox 1106 3087 1259 3166; x_wconf 89' lang='lat' dir='ltr'><strong>dispiciat,</strong></span> <span class='ocrx_word' id='word_1_154' title='bbox 1280 3105 1426 3168; x_wconf 90' lang='lat' dir='ltr'><strong>quosnam</strong></span> 
     </span>
     <span class='ocr_line' id='line_1_24' title="bbox 289 3189 1427 3272; baseline -0.001 -19"><span class='ocrx_word' id='word_1_155' title='bbox 289 3193 348 3253; x_wconf 82' lang='lat' dir='ltr'><strong>»ad</strong></span> <span class='ocrx_word' id='word_1_156' title='bbox 377 3193 451 3252; x_wconf 92' lang='lat' dir='ltr'><strong>illud</strong></span> <span class='ocrx_word' id='word_1_157' title='bbox 481 3191 684 3251; x_wconf 88' lang='lat' dir='ltr'><strong>ministerium</strong></span> <span class='ocrx_word' id='word_1_158' title='bbox 714 3191 843 3250; x_wconf 79' lang='lat' dir='ltr'><strong>inanime</strong></span> <span class='ocrx_word' id='word_1_159' title='bbox 865 3189 956 3250; x_wconf 89' lang='lat' dir='ltr'><strong>utiles</strong></span> <span class='ocrx_word' id='word_1_160' title='bbox 977 3199 1068 3270; x_wconf 81' lang='lat' dir='ltr'><strong>atque</strong></span> <span class='ocrx_word' id='word_1_161' title='bbox 1091 3191 1216 3251; x_wconf 89' lang='lat' dir='ltr'><strong>idoneos</strong></span> <span class='ocrx_word' id='word_1_162' title='bbox 1238 3210 1303 3252; x_wconf 90' lang='lat' dir='ltr'><strong>csse</strong></span> <span class='ocrx_word' id='word_1_163' title='bbox 1327 3203 1427 3272; x_wconf 86' lang='lat' dir='ltr'><strong>putet,</strong></span> 
     </span>
     <span class='ocr_line' id='line_1_25' title="bbox 288 3294 1427 3374; baseline 0.004 -23"><span class='ocrx_word' id='word_1_164' title='bbox 288 3297 492 3374; x_wconf 76' lang='lat' dir='ltr'><strong>»nominaque</strong></span> <span class='ocrx_word' id='word_1_165' title='bbox 521 3314 626 3354; x_wconf 86' lang='lat' dir='ltr'><strong>eorum</strong></span> <span class='ocrx_word' id='word_1_166' title='bbox 656 3296 687 3354; x_wconf 96' lang='lat' dir='ltr'><strong>in</strong></span> <span class='ocrx_word' id='word_1_167' title='bbox 717 3294 830 3374; x_wconf 89' lang='lat' dir='ltr'><strong>scripto</strong></span> <span class='ocrx_word' id='word_1_168' title='bbox 858 3295 1004 3354; x_wconf 90' lang='lat' dir='ltr'><strong>ministris</strong></span> <span class='ocrx_word' id='word_1_169' title='bbox 1025 3315 1059 3355; x_wconf 90' lang='lat' dir='ltr'><strong>ac</strong></span> <span class='ocrx_word' id='word_1_170' title='bbox 1081 3294 1256 3356; x_wconf 86' lang='lat' dir='ltr'><strong>Senioribus</strong></span> <span class='ocrx_word' id='word_1_171' title='bbox 1277 3295 1427 3356; x_wconf 89' lang='lat' dir='ltr'><strong>Ecclesiae</strong></span> 
     </span>
     <span class='ocr_line' id='line_1_26' title="bbox 285 3398 1428 3479; baseline 0.004 -26"><span class='ocrx_word' id='word_1_172' title='bbox 285 3399 480 3479; x_wconf 62' lang='lat' dir='ltr'><strong>stradat4),”</strong></span> <span class='ocrx_word' id='word_1_173' title='bbox 502 3399 554 3478; x_wconf 91' lang='lat' dir='ltr'><strong>qui</strong></span> <span class='ocrx_word' id='word_1_174' title='bbox 576 3398 718 3477; x_wconf 88' lang='lat' dir='ltr'><strong>deinceps</strong></span> <span class='ocrx_word' id='word_1_175' title='bbox 740 3398 771 3456; x_wconf 95' lang='lat' dir='ltr'><strong>in</strong></span> <span class='ocrx_word' id='word_1_176' title='bbox 793 3415 935 3458; x_wconf 90' lang='lat' dir='ltr'><strong>consessu</strong></span> <span class='ocrx_word' id='word_1_177' title='bbox 958 3417 1012 3458; x_wconf 94' lang='lat' dir='ltr'><strong>suo</strong></span> <span class='ocrx_word' id='word_1_178' title='bbox 1034 3399 1125 3459; x_wconf 90' lang='lat' dir='ltr'><strong>variis</strong></span> <span class='ocrx_word' id='word_1_179' title='bbox 1143 3399 1279 3460; x_wconf 85' lang='lat' dir='ltr'><strong>lustratis</strong></span> <span class='ocrx_word' id='word_1_180' title='bbox 1298 3401 1428 3460; x_wconf 88' lang='lat' dir='ltr'><strong>scedulis</strong></span> 
     </span>
     <span class='ocr_line' id='line_1_27' title="bbox 289 3501 1428 3586; baseline 0.002 -24"><span class='ocrx_word' id='word_1_181' title='bbox 289 3521 394 3562; x_wconf 89' lang='lat' dir='ltr'><strong>eorum</strong></span> <span class='ocrx_word' id='word_1_182' title='bbox 423 3503 544 3561; x_wconf 89' lang='lat' dir='ltr'><strong>nomina</strong></span> <span class='ocrx_word' id='word_1_183' title='bbox 574 3511 736 3568; x_wconf 89' lang='lat' dir='ltr'><strong>annotant,</strong></span> <span class='ocrx_word' id='word_1_184' title='bbox 769 3501 821 3580; x_wconf 91' lang='lat' dir='ltr'><strong>qui</strong></span> <span class='ocrx_word' id='word_1_185' title='bbox 843 3501 980 3580; x_wconf 90' lang='lat' dir='ltr'><strong>plurimis</strong></span> <span class='ocrx_word' id='word_1_186' title='bbox 1002 3501 1152 3564; x_wconf 88' lang='lat' dir='ltr'><strong>Ecclesiae</strong></span> <span class='ocrx_word' id='word_1_187' title='bbox 1175 3504 1327 3586; x_wconf 79' lang='lat' dir='ltr'><strong>suffragiis</strong></span> <span class='ocrx_word' id='word_1_188' title='bbox 1349 3523 1428 3564; x_wconf 90' lang='lat' dir='ltr'><strong>com·</strong></span> 
     </span>
     <span class='ocr_line' id='line_1_28' title="bbox 288 3601 1428 3686; baseline 0 -20"><span class='ocrx_word' id='word_1_189' title='bbox 288 3606 481 3667; x_wconf 78' lang='lat' dir='ltr'><strong>mandantur.</strong></span> <span class='ocrx_word' id='word_1_190' title='bbox 531 3601 576 3664; x_wconf 84' lang='lat' dir='ltr'><strong>Ex</strong></span> <span class='ocrx_word' id='word_1_191' title='bbox 604 3603 662 3664; x_wconf 92' lang='lat' dir='ltr'><strong>boc</strong></span> <span class='ocrx_word' id='word_1_192' title='bbox 691 3614 793 3663; x_wconf 87' lang='lat' dir='ltr'><strong>autem</strong></span> <span class='ocrx_word' id='word_1_193' title='bbox 822 3623 949 3665; x_wconf 86' lang='lat' dir='ltr'><strong>numero</strong></span> <span class='ocrx_word' id='word_1_194' title='bbox 977 3606 1088 3686; x_wconf 83' lang='lat' dir='ltr'><strong>singuli</strong></span> <span class='ocrx_word' id='word_1_195' title='bbox 1118 3607 1252 3666; x_wconf 90' lang='lat' dir='ltr'><strong>seniores</strong></span> <span class='ocrx_word' id='word_1_196' title='bbox 1281 3607 1331 3666; x_wconf 93' lang='lat' dir='ltr'><strong>alii</strong></span> <span class='ocrx_word' id='word_1_197' title='bbox 1359 3618 1428 3686; x_wconf 87' lang='lat' dir='ltr'><strong>post</strong></span> 
     </span>
     <span class='ocr_line' id='line_1_29' title="bbox 291 3706 1428 3787; baseline -0.002 -15"><span class='ocrx_word' id='word_1_198' title='bbox 291 3710 364 3772; x_wconf 84' lang='lat' dir='ltr'><strong>elios</strong></span> <span class='ocrx_word' id='word_1_199' title='bbox 393 3728 482 3768; x_wconf 88' lang='lat' dir='ltr'><strong>suum</strong></span> <span class='ocrx_word' id='word_1_200' title='bbox 507 3709 635 3787; x_wconf 88' lang='lat' dir='ltr'><strong>quisque</strong></span> <span class='ocrx_word' id='word_1_201' title='bbox 657 3706 835 3786; x_wconf 78' lang='lat' dir='ltr'><strong>suffragium</strong></span> <span class='ocrx_word' id='word_1_202' title='bbox 857 3707 976 3777; x_wconf 87' lang='lat' dir='ltr'><strong>serunt,</strong></span> <span class='ocrx_word' id='word_1_203' title='bbox 998 3719 1029 3768; x_wconf 93' lang='lat' dir='ltr'><strong>et</strong></span> <span class='ocrx_word' id='word_1_204' title='bbox 1050 3709 1131 3768; x_wconf 86' lang='lat' dir='ltr'><strong>salva</strong></span> <span class='ocrx_word' id='word_1_205' title='bbox 1153 3707 1305 3770; x_wconf 86' lang='lat' dir='ltr'><strong>Ecclesiae</strong></span> <span class='ocrx_word' id='word_1_206' title='bbox 1327 3720 1428 3770; x_wconf 87' lang='lat' dir='ltr'><strong>aucto·</strong></span> 
     </span>
     <span class='ocr_line' id='line_1_30' title="bbox 288 3811 1427 3892; baseline 0 -18"><span class='ocrx_word' id='word_1_207' title='bbox 288 3815 380 3874; x_wconf 81' lang='lat' dir='ltr'><strong>ritate</strong></span> <span class='ocrx_word' id='word_1_208' title='bbox 399 3830 453 3892; x_wconf 91' lang='lat' dir='ltr'><strong>pro</strong></span> <span class='ocrx_word' id='word_1_209' title='bbox 472 3821 620 3891; x_wconf 87' lang='lat' dir='ltr'><strong>potestate</strong></span> <span class='ocrx_word' id='word_1_210' title='bbox 639 3811 696 3872; x_wconf 91' lang='lat' dir='ltr'><strong>sibi</strong></span> <span class='ocrx_word' id='word_1_211' title='bbox 715 3829 855 3871; x_wconf 87' lang='lat' dir='ltr'><strong>concessa</strong></span> <span class='ocrx_word' id='word_1_212' title='bbox 873 3812 1044 3872; x_wconf 87' lang='lat' dir='ltr'><strong>ministrum</strong></span> <span class='ocrx_word' id='word_1_213' title='bbox 1064 3813 1191 3892; x_wconf 78' lang='lat' dir='ltr'><strong>eligunt.</strong></span> <span class='ocrx_word' id='word_1_214' title='bbox 1224 3812 1308 3873; x_wconf 83' lang='lat' dir='ltr'><strong>&#39;lunc</strong></span> <span class='ocrx_word' id='word_1_215' title='bbox 1326 3823 1427 3874; x_wconf 87' lang='lat' dir='ltr'><strong>autem</strong></span> 
     </span>
     <span class='ocr_line' id='line_1_31' title="bbox 290 3916 1429 3996; baseline -0.002 -18"><span class='ocrx_word' id='word_1_216' title='bbox 290 3918 413 3978; x_wconf 92' lang='lat' dir='ltr'><strong>nomina</strong></span> <span class='ocrx_word' id='word_1_217' title='bbox 441 3918 606 3977; x_wconf 90' lang='lat' dir='ltr'><strong>electorum</strong></span> <span class='ocrx_word' id='word_1_218' title='bbox 632 3916 750 3996; x_wconf 90' lang='lat' dir='ltr'><strong>publice</strong></span> <span class='ocrx_word' id='word_1_219' title='bbox 772 3917 804 3975; x_wconf 92' lang='lat' dir='ltr'><strong>in</strong></span> <span class='ocrx_word' id='word_1_220' title='bbox 826 3917 970 3976; x_wconf 90' lang='lat' dir='ltr'><strong>concione</strong></span> <span class='ocrx_word' id='word_1_221' title='bbox 992 3917 1175 3986; x_wconf 86' lang='lat' dir='ltr'><strong>recitantur,</strong></span> <span class='ocrx_word' id='word_1_222' title='bbox 1196 3927 1228 3976; x_wconf 89' lang='lat' dir='ltr'><strong>ct</strong></span> <span class='ocrx_word' id='word_1_223' title='bbox 1250 3918 1306 3976; x_wconf 91' lang='lat' dir='ltr'><strong>toti</strong></span> <span class='ocrx_word' id='word_1_224' title='bbox 1328 3916 1429 3978; x_wconf 90' lang='lat' dir='ltr'><strong>Eccle-</strong></span> 
     </span>
     <span class='ocr_line' id='line_1_32' title="bbox 298 4015 1428 4100; baseline -0.002 -18"><span class='ocrx_word' id='word_1_225' title='bbox 298 4022 359 4082; x_wconf 91' lang='lat' dir='ltr'><strong>siae</strong></span> <span class='ocrx_word' id='word_1_226' title='bbox 387 4021 478 4081; x_wconf 93' lang='lat' dir='ltr'><strong>unius</strong></span> <span class='ocrx_word' id='word_1_227' title='bbox 505 4015 704 4080; x_wconf 90' lang='lat' dir='ltr'><strong>hebdomadis</strong></span> <span class='ocrx_word' id='word_1_228' title='bbox 726 4019 855 4098; x_wconf 86' lang='lat' dir='ltr'><strong>spatium</strong></span> <span class='ocrx_word' id='word_1_229' title='bbox 878 4019 1070 4088; x_wconf 90' lang='lat' dir='ltr'><strong>conceditur,</strong></span> <span class='ocrx_word' id='word_1_230' title='bbox 1099 4032 1133 4080; x_wconf 92' lang='lat' dir='ltr'><strong>ut</strong></span> <span class='ocrx_word' id='word_1_231' title='bbox 1156 4021 1202 4081; x_wconf 78' lang='lat' dir='ltr'><strong>»si</strong></span> <span class='ocrx_word' id='word_1_232' title='bbox 1225 4021 1293 4100; x_wconf 91' lang='lat' dir='ltr'><strong>quis</strong></span> <span class='ocrx_word' id='word_1_233' title='bbox 1314 4021 1428 4100; x_wconf 90' lang='lat' dir='ltr'><strong>aliquid</strong></span> 
     </span>
    </p>
   </div>
   <div class='ocr_carea' id='block_1_8' title="bbox 333 4310 1024 4376">
    <p class='ocr_par' dir='ltr' id='par_1_8' title="bbox 333 4310 1024 4376">
     <span class='ocr_line' id='line_1_33' title="bbox 333 4310 1024 4376; baseline 0.001 -15"><span class='ocrx_word' id='word_1_234' title='bbox 333 4310 353 4374; x_wconf 87' lang='lat'><strong>¹)</strong></span> <span class='ocrx_word' id='word_1_235' title='bbox 370 4313 456 4362; x_wconf 76' lang='lat' dir='ltr'><strong>Forma</strong></span> <span class='ocrx_word' id='word_1_236' title='bbox 473 4327 503 4360; x_wconf 80' lang='lat' dir='ltr'><strong>ec</strong></span> <span class='ocrx_word' id='word_1_237' title='bbox 518 4315 565 4360; x_wconf 76' lang='lat' dir='ltr'><strong>ret.</strong></span> <span class='ocrx_word' id='word_1_238' title='bbox 582 4312 638 4360; x_wconf 80' lang='lat' dir='ltr'><strong>min.</strong></span> <span class='ocrx_word' id='word_1_239' title='bbox 656 4311 730 4361; x_wconf 78' lang='lat' dir='ltr'><strong>Laud.</strong></span> <span class='ocrx_word' id='word_1_240' title='bbox 748 4328 771 4376; x_wconf 91' lang='lat' dir='ltr'><strong>p.</strong></span> <span class='ocrx_word' id='word_1_241' title='bbox 792 4333 814 4362; x_wconf 79' lang='grc' dir='ltr'><strong>κ.</strong></span> <span class='ocrx_word' id='word_1_242' title='bbox 949 4313 969 4374; x_wconf 69' lang='lat'><strong>⁵)</strong></span> <span class='ocrx_word' id='word_1_243' title='bbox 988 4312 1024 4363; x_wconf 83' lang='lat' dir='ltr'><strong>tb.</strong></span> 
     </span>
    </p>
   </div>
   <div class='ocr_carea' id='block_1_9' title="bbox 295 4390 1427 4540">
    <p class='ocr_par' dir='ltr' id='par_1_9' title="bbox 295 4390 1427 4540">
     <span class='ocr_line' id='line_1_34' title="bbox 333 4390 1427 4466; baseline 0.01 -26"><span class='ocrx_word' id='word_1_244' title='bbox 333 4393 353 4455; x_wconf 79' lang='lat'><strong>³)</strong></span> <span class='ocrx_word' id='word_1_245' title='bbox 372 4392 408 4442; x_wconf 92' lang='lat' dir='ltr'><strong>Ib.</strong></span> <span class='ocrx_word' id='word_1_246' title='bbox 428 4410 452 4458; x_wconf 91' lang='lat' dir='ltr'><strong>p.</strong></span> <span class='ocrx_word' id='word_1_247' title='bbox 470 4391 509 4443; x_wconf 79' lang='lat'><strong>32.</strong></span> <span class='ocrx_word' id='word_1_248' title='bbox 530 4390 558 4440; x_wconf 91' lang='lat' dir='ltr'><strong>de</strong></span> <span class='ocrx_word' id='word_1_249' title='bbox 577 4391 712 4440; x_wconf 82' lang='lat' dir='ltr'><strong>Senioribus</strong></span> <span class='ocrx_word' id='word_1_250' title='bbox 731 4409 755 4456; x_wconf 91' lang='lat' dir='ltr'><strong>p.</strong></span> <span class='ocrx_word' id='word_1_251' title='bbox 772 4393 814 4444; x_wconf 82' lang='lat'><strong>43.</strong></span> <span class='ocrx_word' id='word_1_252' title='bbox 834 4391 863 4441; x_wconf 85' lang='lat' dir='ltr'><strong>de</strong></span> <span class='ocrx_word' id='word_1_253' title='bbox 883 4391 995 4444; x_wconf 87' lang='lat' dir='ltr'><strong>Diaconis</strong></span> <span class='ocrx_word' id='word_1_254' title='bbox 1011 4411 1034 4460; x_wconf 90' lang='lat' dir='ltr'><strong>p.</strong></span> <span class='ocrx_word' id='word_1_255' title='bbox 1053 4397 1092 4446; x_wconf 84' lang='grc'><strong>50.</strong></span> <span class='ocrx_word' id='word_1_256' title='bbox 1110 4397 1147 4447; x_wconf 80' lang='lat' dir='ltr'><strong>Cf.</strong></span> <span class='ocrx_word' id='word_1_257' title='bbox 1163 4399 1206 4465; x_wconf 80' lang='lat' dir='ltr'><strong>Ep.</strong></span> <span class='ocrx_word' id='word_1_258' title='bbox 1222 4400 1256 4449; x_wconf 79' lang='lat' dir='ltr'><strong>ad</strong></span> <span class='ocrx_word' id='word_1_259' title='bbox 1269 4400 1329 4451; x_wconf 79' lang='lat' dir='ltr'><strong>Dav.</strong></span> <span class='ocrx_word' id='word_1_260' title='bbox 1345 4402 1427 4466; x_wconf 80' lang='lat' dir='ltr'><strong>Georp.</strong></span> 
     </span>
     <span class='ocr_line' id='line_1_35' title="bbox 295 4474 1051 4540; baseline 0.003 -14"><span class='ocrx_word' id='word_1_261' title='bbox 295 4476 356 4539; x_wconf 83' lang='lat' dir='ltr'><strong>(Ser.</strong></span> <span class='ocrx_word' id='word_1_262' title='bbox 373 4479 422 4526; x_wconf 83' lang='lat' dir='ltr'><strong>ant.</strong></span> <span class='ocrx_word' id='word_1_263' title='bbox 441 4474 542 4525; x_wconf 73' lang='lat'><strong>111.12.</strong></span> <span class='ocrx_word' id='word_1_264' title='bbox 561 4474 618 4536; x_wconf 82' lang='lat' dir='ltr'><strong>tos)</strong></span> <span class='ocrx_word' id='word_1_265' title='bbox 638 4474 673 4524; x_wconf 81' lang='lat' dir='ltr'><strong>acl</strong></span> <span class='ocrx_word' id='word_1_266' title='bbox 687 4475 787 4524; x_wconf 75' lang='lat' dir='ltr'><strong>eundem</strong></span> <span class='ocrx_word' id='word_1_267' title='bbox 805 4474 847 4536; x_wconf 92' lang='lat' dir='ltr'><strong>(ib.</strong></span> <span class='ocrx_word' id='word_1_268' title='bbox 865 4475 913 4524; x_wconf 92' lang='lat' dir='ltr'><strong>III.</strong></span> <span class='ocrx_word' id='word_1_269' title='bbox 931 4479 966 4527; x_wconf 75' lang='lat'><strong>1⁰.</strong></span> <span class='ocrx_word' id='word_1_270' title='bbox 986 4479 1051 4540; x_wconf 78' lang='lat'><strong>509.)</strong></span> 
     </span>
    </p>
   </div>
   <div class='ocr_carea' id='block_1_10' title="bbox 334 4557 832 4621">
    <p class='ocr_par' dir='ltr' id='par_1_10' title="bbox 334 4557 832 4621">
     <span class='ocr_line' id='line_1_36' title="bbox 334 4557 832 4621; baseline -0.006 -13"><span class='ocrx_word' id='word_1_271' title='bbox 334 4559 354 4621; x_wconf 84' lang='lat'><strong>⁴)</strong></span> <span class='ocrx_word' id='word_1_272' title='bbox 371 4559 458 4608; x_wconf 82' lang='lat' dir='ltr'><strong>Forma</strong></span> <span class='ocrx_word' id='word_1_273' title='bbox 473 4572 503 4606; x_wconf 84' lang='lat' dir='ltr'><strong>ac</strong></span> <span class='ocrx_word' id='word_1_274' title='bbox 518 4561 565 4607; x_wconf 87' lang='lat' dir='ltr'><strong>rat.</strong></span> <span class='ocrx_word' id='word_1_275' title='bbox 582 4558 639 4608; x_wconf 80' lang='lat' dir='ltr'><strong>min.</strong></span> <span class='ocrx_word' id='word_1_276' title='bbox 655 4557 731 4607; x_wconf 72' lang='lat' dir='ltr'><strong>lond.</strong></span> <span class='ocrx_word' id='word_1_277' title='bbox 747 4573 772 4621; x_wconf 88' lang='lat' dir='ltr'><strong>p.</strong></span> <span class='ocrx_word' id='word_1_278' title='bbox 791 4557 832 4606; x_wconf 82' lang='grc'><strong>20.</strong></span> 
     </span>
    </p>
   </div>
   <div class='ocr_carea' id='block_1_11' title="bbox 0 0 1638 5100">
    <p class='ocr_par' dir='ltr' id='par_1_11' title="bbox 0 0 1638 5100">
     <span class='ocr_line' id='line_1_37' title="bbox 0 0 1638 5100; baseline 0 0"><span class='ocrx_word' id='word_1_279' title='bbox 0 0 1638 5100; x_wconf 95' lang='lat' dir='ltr'><strong> </strong></span> 
     </span>
    </p>
   </div>
  </div>
 </body>
</html>
