3240 5100
819 289 880 351 lssl

274 493 492 558 iurisdictione
514 511 580 556 sese
602 493 712 574 prodit.
752 491 864 554 Contra
885 491 1052 554 secundum
1074 487 1159 550 bosci
1172 489 1362 574 ‚sententiam
1382 489 1415 550 li·

273 597 374 680 ‚gandi
403 598 600 676 solvendique
626 605 759 677 potestas
780 617 797 658 a
819 597 939 658 Christo
960 597 1017 677 ipsi
1039 595 1188 656 Ecclesiae
1209 594 1327 674 corpori
1349 612 1417 654 con·

282 717 364 762 cessa
381 709 441 767 est,
463 709 495 760 ct
512 700 698 771 senioribus,
716 701 838 762 nonnisi
858 711 1000 780 tanquam
1020 699 1168 760 Ecclesiae
1187 699 1320 778 organis,
1338 717 1416 759 com-

272 807 373 886 petit,
401 804 512 884 quibus
538 823 597 864 una
619 823 688 864 cum
709 804 845 864 diaconis
866 803 904 864 ab
924 805 996 884 ipsis
1018 803 1166 863 Ecclesiae
1188 803 1276 863 sociis
1295 801 1416 862 honori·

280 907 336 969 fica
365 907 504 968 delectur
532 909 696 968 auctoritas
725 908 756 968 in
785 907 935 976 discidiis,
957 925 1034 986 quae
1059 906 1097 966 de
1120 907 1258 966 doctrina
1280 906 1415 968 oborian-

282 1021 349 1080 tur,
387 1011 481 1072 amice
514 1031 531 1071 e
565 1011 658 1072 verbo
691 1009 745 1071 Dei
777 1011 1005 1090 componendis,
1037 1009 1068 1068 in
1101 1011 1236 1070 externis
1269 1010 1415 1070 Ecclesiae

280 1115 445 1176 commodis
474 1115 580 1176 ordine
606 1134 640 1176 ac
662 1115 807 1176 decenter
827 1113 1036 1182 moderandis,
1058 1122 1090 1174 ct
1111 1113 1143 1174 in
1166 1113 1341 1192 disciplinae
1363 1111 1416 1174 Ec·

278 1219 462 1280 clesiasticae
481 1237 538 1279 usu
556 1220 684 1280 comiter
702 1218 889 1298 peragend0;
909 1218 951 1278 ita
970 1227 1084 1284 tamen,
1103 1227 1138 1276 ut
1152 1215 1272 1278 nihilin
1285 1215 1421 1278 Ecclesia·

278 1333 378 1384 ratum
401 1321 566 1392 habeatur,
588 1323 646 1382 nisi
668 1323 762 1402 ipsius
784 1322 932 1382 Ecclesiae
955 1340 1093 1402 suprema
1116 1322 1289 1384 auctoritati
1311 1338 1415 1400 appro-

279 1425 383 1486 batum
410 1427 465 1494 sit,
494 1437 525 1486 et
547 1425 698 1490 Ecclesiae
720 1426 874 1506 praesules
895 1425 977 1484 nulla
1000 1425 1045 1493 vi,
1067 1425 1141 1494 nisi,
1163 1443 1240 1504 quae
1262 1425 1293 1484 in
1316 1443 1414 1485 exem·

276 1529 327 1608 plo
355 1530 451 1609 posita
480 1539 542 1599 est,
571 1530 752 1609 dignitatem
780 1548 865 1588 suam
894 1537 1047 1588 tueantur.
1089 1526 1124 1586 ln
1147 1527 1262 1588 Calvini
1284 1528 1415 1588 Ecclesia

275 1641 411 1712 pastores
433 1651 537 1694 onrnes
559 1632 666 1694 eodem
689 1651 811 1712 prorsus
832 1633 898 1692 loco
916 1631 1084 1700 habentur,
1105 1632 1163 1692 etsi
1181 1633 1245 1712 ipse
1263 1632 1295 1691 in
1314 1629 1414 1691 Eccle-

273 1736 316 1795 sia
346 1733 514 1818 Genevensi
540 1747 688 1816 perpetuo
709 1736 880 1796 consistorii
902 1735 1047 1815 praesidis
1068 1753 1193 1795 munere
1214 1735 1337 1796 functus
1358 1744 1413 1796 est.

274 1841 290 1898 a
323 1836 416 1898 Lasco
449 1840 788 1919 superintendenturam
820 1840 852 1899 in
885 1837 1018 1900 Ecclesia
1051 1858 1103 1898 sua
1132 1839 1281 1906 instituit,
1309 1847 1344 1898 nt
1366 1856 1413 1899 or·

274 1942 345 2004 dinc
375 1943 475 2004 omnia
497 1945 529 2002 in
559 1943 688 2004 Ecclesia
717 1939 945 2023 peragerentur.
989 1942 1020 2003 Si
1048 1943 1179 2022 denique
1205 1943 1242 2004 de
1265 1942 1412 2002 relatione

273 2047 445 2126 quaeritur,
466 2065 543 2125 qnae
566 2046 713 2106 Ecclesiae
737 2047 878 2126 regimini
904 2065 972 2106 cum
995 2047 1066 2126 ipsis
1087 2047 1153 2105 eius
1175 2045 1262 2106 sociis
1280 2045 1411 2108 interce·-

273 2151 346 2212 dere
369 2149 477 2218 dehet,
500 2149 641 2210 Calvinus
664 2150 792 2210 candem
815 2149 852 2208 ab
875 2147 1008 2210 Ecclesia
1030 2168 1102 2229 erga
1121 2159 1258 2229 pastores
1276 2148 1412 2228 deposcit

270 2256 489 2324 reverentiam,
511 2275 570 2334 qua
592 2255 718 2335 genuini
740 2253 878 2334 discipuli
900 2255 1079 2334 magistrum
1098 2271 1185 2313 suum
1205 2253 1347 2332 prosequi
1365 2271 1411 2314 so·

267 2359 341 2418 lent.
373 2357 389 2417 ir
418 2357 512 2418 Lasco
542 2368 642 2419 autem
672 2357 748 2418 nihil
778 2358 936 2418 ardentius
961 2367 1101 2437 exoptat,
1127 2377 1217 2437 qnam
1239 2367 1273 2416 ut
1295 2375 1411 2417 summa

267 2461 349 2522 inter
371 2462 532 2524 Ecclesiam
555 2463 680 2542 eiusque
702 2462 855 2522 ministros
878 2462 1048 2522 intercedat
1066 2463 1270 2530 familiaritas,
1292 2461 1410 2522 eadem·

268 2584 326 2644 que
356 2567 444 2644 plane
475 2567 624 2627 Ecclesiae
653 2565 725 2625 socii
757 2564 889 2625 officiant
918 2565 1074 2626 ministros
1103 2585 1173 2626 suos
1203 2565 1410 2635 observantia,

267 2687 325 2747 qua
355 2669 443 2728 liberi
473 2679 614 2750 parentes
643 2687 712 2729 snos
741 2687 795 2748 pro
825 2667 928 2728 debito
958 2687 1012 2728 suo
1039 2679 1129 2748 atque
1152 2667 1249 2729 officio
1271 2656 1409 2728 coleres

268 2769 331 2832 Ilco
354 2771 507 2832 iubentur.
550 2771 595 2832 Ex
617 2773 777 2850 utriusque
805 2780 908 2832 autem
930 2771 1065 2832 unanimi
1089 2790 1238 2832 consensu
1260 2774 1356 2832 omnis
1377 2773 1409 2832 in

267 2876 400 2938 Ecclesia
430 2878 593 2937 auctoritas
610 2877 686 2950 ¹sive
709 2884 843 2956 potestas
865 2895 881 2936 a
904 2874 966 2936 Deo
987 2875 1030 2936 ita
1052 2877 1190 2936 ordinata
1212 2886 1274 2945 est,
1296 2887 1330 2936 ut
1352 2875 1408 2936 fili·

268 2999 319 3040 um
349 2999 435 3040 suum
466 2981 615 3040 Ecclesiae
638 2981 669 3040 in
692 2988 782 3058 caput
804 2979 995 3058 praefecerit,
1020 2981 1072 3058 qni
1094 2981 1196 3040 divina
1219 2999 1272 3040 sna
1294 2981 1408 3042 virtute

267 3085 415 3145 sustineat
445 3103 511 3144 eam
541 3094 631 3163 atque
655 3092 843 3163 promoveat,
876 3093 962 3162 regat
992 3083 1137 3155 candem,
1165 3094 1288 3144 tueatur
1316 3094 1407 3163 atque

267 3187 428 3249 custodiat.
471 3185 525 3248 Vel
554 3187 596 3247 sic
622 3197 723 3248 tamen
745 3187 777 3246 in
799 3205 907 3265 magna
929 3187 1088 3265 utriusque
1110 3187 1279 3248 sententiae
1301 3206 1407 3248 conve·

268 3291 384 3352 nientia
406 3309 468 3350 non
490 3300 551 3350 tam
573 3291 639 3350 leve
662 3290 824 3350 discrimen
846 3290 1005 3350 delitescit.
1050 3289 1148 3360 Quum
1168 3291 1249 3351 enim
1267 3291 1407 3352 Calvinus

270 3396 307 3457 ad
329 3396 423 3475 ipsius
445 3393 498 3454 llci
521 3394 639 3473 saepius
661 3395 692 3454 in
708 3395 880 3454 universam
898 3393 1058 3454 Ecclesiam
1077 3394 1169 3472 inque
1188 3395 1322 3474 singulos
1341 3396 1406 3456 cius

269 3501 366 3561 socios
394 3497 586 3558 efficientiam
615 3499 761 3566 recurrit,
789 3501 806 3558 a
835 3496 929 3558 hasco
954 3499 985 3557 in
1012 3497 1162 3560 Ecclesiae
1185 3499 1406 3579 gubernatione

268 3600 468 3663 describenda
497 3601 610 3679 ubique
639 3601 774 3661 locorum
800 3621 854 3682 per
876 3601 1029 3662 Christum
1051 3602 1249 3663 mediatorem
1271 3605 1308 3664 ad
1330 3605 1405 3664 divi·

268 3725 337 3766 nam
368 3705 465 3765 omnis
493 3705 651 3784 potestatis
679 3705 794 3766 sontem
823 3705 974 3768 adducere
1004 3724 1059 3766 nos
1085 3707 1177 3776 solet,
1199 3719 1230 3767 ct
1252 3706 1405 3768 Christum

267 3808 351 3868 iacto
379 3807 498 3869 Patrem
527 3825 615 3866 suum
641 3826 679 3867 ex
700 3807 807 3866 eodem
828 3807 995 3867 maiestatis
1017 3807 1092 3867 solio
1114 3827 1220 3888 regere
1244 3811 1404 3874 Ecclesiam

267 3912 442 3984 confitetur,
473 3931 566 3992 quum
595 3930 612 3971 e
637 3910 789 3971 contrario
811 3912 889 3990 apud
912 3910 1068 3972 Calvinum
1090 3912 1248 3992 utriusque
1272 3925 1404 3994 potestas

268 4018 397 4086 coaluit,
419 4026 450 4076 ct
469 4035 523 4094 per
544 4015 696 4077 Christum
718 4016 782 4094 ipse
804 4013 884 4075 Deus
906 4014 1057 4076 Ecclesiae
1080 4017 1251 4096 prospicere
1273 4018 1393 4082 dicitur.

312 4180 334 4262 5
356 4181 382 4239 5.
424 4177 467 4238 lle
487 4177 636 4238 Ecclesiae
656 4177 695 4238 oct
716 4176 913 4238 dissentientes
934 4183 961 4237 et
981 4177 1183 4257 coepiscorum
1203 4180 1350 4241 relatione.

308 4326 486 4405 Quicunque
516 4326 547 4385 in
574 4326 677 4386 divina
703 4327 840 4387 doctrina
870 4329 1082 4389 constituenda
1112 4349 1127 4388 a
1157 4347 1188 4388 se
1211 4329 1401 4400 dissentiret,

265 4430 432 4492 necessarie
455 4428 595 4491 Calvinus
617 4429 649 4489 in
673 4431 742 4491 odio
763 4431 911 4500 hahebat,
940 4433 1082 4511 quoniam
1109 4443 1222 4494 certam
1245 4443 1335 4514 atque
1357 4435 1401 4494 in·

266 4533 434 4596 dubitatum
460 4531 551 4595 huius
580 4531 736 4604 doctrinae
765 4535 970 4614 cognitionem
992 4556 1009 4596 a
1031 4533 1093 4596 Deo
1122 4536 1209 4614 uobis
1230 4557 1402 4598 concessam
