3240 5100
733 269 793 330 177

196 459 359 543 utrumque
387 466 599 528 convenientia
627 467 711 529 nefas
739 478 820 530 esset
847 469 945 532 levius
966 470 1121 552 negligere
1150 471 1328 542 discrimen,

195 567 383 646 quodinsc
405 579 550 632 nontam
578 573 680 652 magni
708 573 866 653 ponderis,
894 575 964 654 quie
996 583 1098 636 tamen
1126 593 1180 654 per
1207 593 1328 636 omnem

194 671 354 756 utriusque
375 671 623 756 Ecclesiologiam
644 676 753 756 serpit,
775 677 935 740 observatu
956 696 1101 758 perquam
1119 677 1245 758 dignum
1263 697 1327 738 esse

194 775 328 837 videtur.v
358 775 456 846 Quum
475 795 513 838 sc.
532 788 636 839 nostro
651 757 773 841 de'mum
791 791 927 862 tempore
943 791 1104 842 senserunt
1116 779 1261 862 Theologi
1274 780 1327 842 Ec·

193 881 314 941 clesiam
340 900 400 944 uon
423 901 488 944 esse
514 884 670 944 notionem
692 885 908 965 dogmaticam,
934 885 986 945 sed
1009 903 1082 945 vcro
1108 885 1325 964 apparitionem

193 981 383 1055 historicam,
402 996 484 1047 arcte
497 1005 564 1048 cum
577 987 688 1049 Christi
707 989 841 1050 adventu
852 989 1112 1070 coniungendam,
1132 989 1164 1048 in
1176 987 1261 1050 Lasci
1274 987 1327 1048 Ec·

193 1089 365 1170 clesiologia
379 1089 454 1150 hacc
465 1091 516 1151 illa
528 1092 587 1150 iarn
599 1091 710 1152 adsunt
721 1093 865 1173 vestigia,
887 1111 963 1172 quae
982 1093 1091 1152 leviter
1102 1091 1231 1170 idipsum
1238 1077 1327 1171 ¹prae·

169 1197 170 1200 ’
193 1195 322 1256 sensisse
341 1213 411 1254 eum
427 1214 554 1274 arguere
568 1195 718 1256 videntur.
752 1194 847 1256 Multo
865 1197 979 1256 maiore
998 1197 1079 1256 enim
1098 1196 1271 1256 discrimine
1289 1194 1327 1254 ab

191 1295 323 1360 Ecclesia
335 1297 504 1358 Christiana
517 1299 634 1360 divellit
645 1298 849 1360 Israeliterum
862 1299 1084 1369 Tlrcocratiam,
1100 1311 1130 1359 et
1142 1299 1326 1360 indivulsum

191 1401 255 1464 sere
277 1420 404 1472 nexum,
434 1421 523 1482 quem
553 1403 634 1462 inter
655 1413 816 1484 utramque
846 1414 928 1464 actas
949 1406 1000 1465 illa
1021 1403 1250 1482 interponebat,
1272 1402 1326 1463 dil-

190 1503 270 1566 ludit
289 1515 380 1584 atquc
402 1505 530 1575 laxavit,
553 1515 584 1566 et
606 1525 700 1584 quum
729 1517 840 1568 »antea
859 1507 1004 1568 tenebrae
1027 1515 1192 1586 regnarent
1213 1505 1326 1584 ubique

190 1620 245 1668 »ct
266 1609 387 1670 nebulis
407 1620 508 1670 essent
531 1609 670 1672 obvelata
693 1612 808 1681 omnia,
838 1622 905 1691 post
927 1611 1038 1672 Christi
1060 1611 1225 1671 adventum
1246 1609 1326 1670 laete

191 1731 454 1794 »quaquaversum
486 1715 624 1774 veritatis
654 1716 707 1775 lux
734 1715 875 1776 effulsit.''
918 1715 994 1785 Quia
1023 1727 1125 1776 tamen
1148 1715 1326 1794 plerumque

191 1818 349 1896 utriusque
377 1817 509 1878 ioedcris
538 1817 700 1878 Ecclesiam
730 1819 811 1880 inter
838 1838 870 1880 se
892 1802 1005 1879 arctius
1027 1819 1103 1880 solet
1125 1819 1326 1898 coniungere,

190 1919 227 1980 ab
249 1922 344 1981 altera
367 1930 451 2000 parte
473 1905 626 1982 neminem
647 1922 734 1982 facilc
757 1923 838 1983 inter
854 1923 1069 1984 reformatores
1088 1923 1237 1990 invenies,
1258 1922 1326 2000 qui,

190 2043 283 2104 quum
312 2045 328 2084 a
357 2026 454 2085 reteri
485 2026 658 2086 oeconomia
687 2046 811 2105 prorsus
840 2026 1004 2087 Ecclesiam
1033 2026 1228 2106 separandam
1261 2043 1325 2086 csse

188 2129 324 2188 nondum
347 2128 564 2197 intellexisset,
586 2139 620 2189 ut
642 2139 744 2190 tamen
766 2149 834 2190 cum
857 2129 976 2190 Christo
1001 2129 1251 2190 indissolubiliter
1272 2127 1326 2190 Ec·

188 2231 277 2291 clesia
299 2242 471 2292 remaneret
493 2233 671 2301 coniuncta,
701 2243 762 2294 tam
784 2243 866 2293 arcte
888 2253 957 2294 eum
979 2233 1098 2294 Christo
1120 2232 1325 2293 israelitarum

188 2353 309 2414 quoquc
338 2333 502 2396 Ecclesiam
531 2335 724 2397 consociavit.
766 2335 845 2398 »lam
869 2348 958 2398 vetus
986 2335 1118 2397 Ecclesia
1148 2339 1266 2418 plenam
1292 2356 1325 2396 ac

189 2439 373 2498 »salutarem
395 2437 527 2498 babebat
549 2457 616 2498 cum
639 2438 760 2500 Christo
783 2438 910 2500 Domino
936 2441 1177 2500 communionem
1207 2441 1239 2498 in
1261 2458 1324 2500 cor·

187 2561 281 2624 »pore
305 2563 338 2602 ac
356 2543 503 2622 sanguiue
532 2543 698 2624 ipsius.¹).’'
743 2541 806 2612 Qua
828 2543 859 2602 in
882 2525 931 2612 re,
954 2545 1011 2604 etsi
1040 2545 1147 2604 malam
1171 2545 1324 2625 ingressus

188 2648 228 2708 sit
249 2648 344 2717 viam,
365 2647 491 2708 meliora
514 2647 679 2708 tentavisse
701 2657 802 2708 tamen
823 2648 854 2708 in
876 2648 997 2708 laudem
1019 2649 1047 2708 ei
1070 2648 1165 2710 cedat.

520 2853 540 2934 §
562 2855 590 2914 ἢ.
632 2853 674 2915 Dc
695 2853 843 2915 Ecclcsc‘cc
862 2855 983 2917 notione.

226 3063 360 3124 Ecclesia
382 3070 434 3122 aut
456 3062 487 3121 in
510 3080 563 3121 sua
585 3080 652 3121 cum
675 3060 753 3130 Deo,
782 3071 834 3122 aut
859 3063 890 3122 in
913 3080 966 3122 sua
988 3080 1057 3121 cum
1078 3059 1252 3122 hominibus
1273 3081 1319 3123 re-

184 3169 298 3228 latione
327 3166 456 3246 spectari
485 3175 592 3244 polest.
636 3156 895 3234 Quemadmodum
923 3167 1004 3226 enim
1033 3167 1097 3245 ipsa
1126 3165 1249 3245 religio,
1277 3167 1319 3226 sic

185 3290 305 3352 quoquc
328 3289 444 3338 omnes,
466 3289 547 3348 quac
565 3289 690 3331 cumea
713 3271 890 3330 coniunctae
913 3280 984 3330 sunt
1005 3270 1161 3338 notioneS,
1183 3270 1318 3348 adeoque

185 3375 317 3438 Ecclesia
340 3376 447 3443 ctiam,
468 3374 602 3435 medium
625 3375 719 3436 veluti
737 3375 837 3434 locum
858 3375 939 3434 intcr
961 3369 1149 3434 res'dirinas
1172 3384 1319 3452 occupant

184 3491 215 3540 et
236 3479 391 3540 humanas.
434 3477 536 3538 Potest
558 3478 652 3558 igitur
674 3479 725 3558 qui
748 3478 917 3539 istiusmodi
940 3497 1041 3538 rerum
1061 3477 1200 3536 notiones
1221 3477 1318 3538 inves-

183 3583 416 3664 tigarecupiat,
441 3582 472 3640 in
495 3582 644 3661 duplicem
667 3581 802 3641 incidere
824 3599 974 3649 errorem,
996 3582 1021 3640 si
1044 3590 1096 3640 aot
1116 3579 1317 3639 hurnauarnm

182 3705 285 3746 rerum
306 3687 476 3746 incuriosus
497 3685 615 3745 divinas
636 3703 733 3763 aequo
755 3686 821 3763 plus
848 3685 973 3764 premit,
1001 3695 1054 3744 aut
1082 3693 1187 3744 contra
1216 3683 1317 3743 divina

182 3809 288 3870 parum
310 3807 419 3872 curan-s
441 3807 475 3847 ac
496 3787 559 3847 lere
582 3786 741 3866 negligens
760 3785 890 3846 humana
909 3785 1169 3864 praetermodum
1189 3787 1317 3846 extollit.
1401 3833 1405 3838 .

182 3890 287 3952 Solent
314 3891 409 3970 igitur
438 3887 583 3966 Theologi
617 3907 671 3967 pro
703 3889 860 3956 universa,
893 3907 982 3966 quam
1014 3889 1045 3948 in
1078 3888 1234 3968 disciplina
1263 3908 1316 3949 sua

181 4004 364 4062 tenuerunt,
385 3993 496 4052 mentis
518 3992 685 4052 directione
708 4001 776 4071 apte
796 3992 868 4052 satis
890 3991 921 4052 in
942 3991 1109 4072 Theologos
1131 3997 1193 4051 κατ’
1209 3994 1316 4068 asapia

181 4107 272 4177 atque
295 4094 540 4174 Anthropologos
558 4095 710 4156 distribui.
742 4093 776 4154 ln
795 4105 899 4155 nostro
918 4113 1037 4174 quoque
1060 4114 1148 4156 causa
1167 4099 1317 4176 generalis

179 4200 254 4262 haec
276 4200 432 4261 distinctio
454 4200 576 4280 egregie
599 4199 686 4260 nobis
709 4200 873 4270 succurrit,
895 4209 927 4259 et
948 4200 1038 4280 longe
1064 4199 1198 4271 diversa,
1227 4220 1315 4282 quam

209 4519 229 4582 1)
249 4519 328 4573 licet.
346 4520 376 4571 dc
393 4521 498 4572 Sacram.
515 4538 539 4586 p.
557 4519 628 4572 leet.
