3228 5102
143 1065 151 1088 “
220 1069 251 1116 In
275 1069 358 1116 animo
382 1067 448 1116 mibi
465 1068 556 1129 fueret
579 1067 759 1133 disquisitione
777 1069 806 1118 de
823 1068 930 1122 ledonis
949 1067 965 1117 d
984 1071 1061 1119 bosco
1079 1072 1134 1119 vita
1150 1071 1325 1120 conscribendo

117 1130 133 1196 C
184 1175 289 1208 summos
310 1162 339 1208 in
359 1161 492 1224 Tbeoloqio
508 1161 612 1210 bonores
622 1169 717 1226 petere.
755 1163 856 1228 Duple'c
872 1171 956 1212 tomen
971 1179 1047 1212 causo
1054 1163 1128 1225 fuit,
1144 1177 1189 1211 cnr
1205 1179 1221 1210 a
1233 1177 1324 1227 propo·

181 1239 236 1302 suto
257 1253 407 1302 destiterim.
442 1255 600 1302 Gravissima
619 1270 654 1303 so.
675 1256 754 1304 morbo
769 1271 841 1320 quum
857 1257 998 1322 perdecem
1011 1258 1140 1304 continuos
1154 1271 1249 1304 menses
1268 1262 1326 1304 stu-

184 1346 237 1395 diis
251 1361 328 1394 essem
342 1354 453 1411 ereptus,
473 1363 503 1395 ne
518 1363 617 1396 cursum
633 1349 799 1398 academicum
812 1351 883 1398 ultro
900 1351 1055 1414 septennium
1071 1349 1240 1411 ostenderem,
1258 1351 1326 1398 citae

184 1440 253 1495 cotio
269 1437 443 1496 dissuadebot;
463 1445 487 1486 et
509 1440 600 1487 iterum
618 1441 759 1506 iterumque
776 1447 908 1504 praetereo
928 1441 1013 1488 animo
1030 1441 1186 1505 prepositum
1204 1442 1326 1503 volventi,

184 1547 240 1580 moa
254 1545 403 1596 persuasum
422 1531 489 1578 milti
508 1538 577 1593 erat,
601 1532 680 1580 Losei
703 1531 876 1597 bioqroplsiom
893 1535 921 1580 in
945 1539 996 1580 tom
1020 1533 1091 1580 breui
1110 1534 1227 1598 temporis
1243 1533 1328 1596 spatio

184 1625 235 1670 rite
263 1623 359 1670 absolui
387 1623 455 1670 nulle
479 1622 547 1670 modo
568 1639 649 1688 posse.
684 1623 782 1672 Idcirco
808 1627 1024 1689 caeptotissimum
1052 1625 1118 1672 mibi
1139 1625 1240 1678 evenit.
1267 1623 1330 1687 quod

185 1715 345 1778 bibliopolae,
362 1716 391 1762 in
409 1715 485 1763 titulo
501 1715 581 1762 buius
599 1717 710 1779 opusculi
726 1717 855 1776 annotati,
874 1718 929 1764 ciri
946 1717 1088 1779 ceteroquin
1104 1715 1133 1762 ds
1153 1729 1180 1762 re
1196 1716 1329 1762 litteraria

187 1807 255 1855 baud
276 1821 325 1854 uno
345 1807 443 1854 nomine
460 1805 561 1865 meriti,
580 1805 658 1852 Lassi
675 1806 836 1870 bioqropbice
856 1805 987 1854 editionem
1005 1821 1094 1854 curere
1113 1821 1140 1852 se
1163 1805 1226 1852 celle
1249 1803 1329 1852 docla-

186 1905 320 1959 reuerent,
337 1899 363 1944 si
381 1903 406 1945 et
422 1899 540 1961 opuscula
561 1898 646 1960 ipsius
666 1899 759 1945 iterum
777 1899 877 1963 publici
895 1899 965 1946 iuris
979 1898 1083 1959 facere,
1111 1905 1135 1945 et
1157 1897 1330 1944 Ecclesiarum

186 1993 231 2040 sub
253 2006 324 2040 orsus
347 1991 480 2038 historiam
503 2005 623 2037 enarrare
648 2005 723 2037 essem
740 1997 846 2053 paratus
860 1985 887 2054 ¹).
925 1991 1024 2053 Roqeei
1040 1991 1124 2054 iqitur
1146 1989 1329 2038 nobilissimum

187 2085 360 2146 Theoloqorum
377 2083 595 2146 Groninqonoram
616 2081 747 2143 Ordinem,
766 2088 796 2129 ut
812 2083 900 2130 liceret
916 2083 994 2142 mibi,
1012 2083 1238 2142 casamentationis,
1256 2097 1329 2145 quom

112 2151 142 2268 Q*
186 2181 244 2222 onte
263 2175 314 2222 bos
331 2175 390 2222 duos
410 2190 488 2222 annos
512 2175 542 2220 in
560 2181 684 2222 certamen
703 2175 859 2222 litterarium
878 2175 916 2222 iis
939 2175 1072 2236 miseram,
1087 2181 1185 2238 portem
1205 2175 1329 2238 primam,

184 2269 303 2316 nonnihil
324 2267 365 2316 bic
382 2269 455 2328 illic,
479 2274 508 2315 ut
531 2283 616 2332 sporo,
643 2267 810 2328 emendatam,
836 2269 869 2314 od
890 2283 996 2314 summos
1016 2269 1046 2314 in
1072 2267 1206 2330 Theoloqia
1229 2267 1330 2314 bonores

106 2395 142 2445 Q
180 2361 355 2426 capessendos,
374 2361 444 2424 prelo
463 2359 615 2408 submittere.
651 2360 840 2407 Humanissimi
858 2361 925 2421 oiri,
944 2375 1047 2424 qnorum
1065 2359 1161 2408 iudicii
1182 2361 1331 2422 aequitatem

102 2452 137 2504 Χ
181 2454 210 2499 in
234 2452 370 2499 certamino
389 2451 530 2510 litterario,
551 2456 690 2513 promptam
710 2450 902 2496 benevolentiam
926 2455 951 2496 ot
970 2464 1089 2496 summam
1106 2450 1247 2497 comitatem
1265 2465 1330 2497 sem·

179 2558 226 2607 per
247 2543 335 2590 debinc
355 2543 420 2589 laeto
446 2556 513 2588 cram
540 2547 673 2605 oupertus,
697 2541 741 2589 boc
763 2555 854 2605 quoque
880 2541 1023 2602 beneficium
1049 2543 1077 2589 in
1095 2557 1133 2588 me
1150 2543 1262 2600 conuerso
1284 2557 1330 2589 non

99 2632 150 2697 Ν
180 2633 311 2697 dediqnati
335 2640 411 2693 sunt,
440 2632 510 2679 bonis
534 2633 584 2680 iruo
610 2633 675 2678 cotis
700 2631 833 2678 consilium
860 2645 939 2678 meum
961 2633 1098 2695 prosecuti.
1132 2629 1247 2697 Accipite
1274 2634 1331 2681 Viri

184 2722 272 2774 Clam!
289 2725 359 2788 qroti
376 2725 457 2772 animi
474 2723 689 2784 tcstnflootionem,
707 2737 779 2786 quom
796 2738 827 2770 en
846 2725 937 2770 intimo
951 2729 1048 2786 pectore
1067 2723 1133 2772 vobis
1153 2726 1236 2788 ffers.
1274 2725 1330 2772 Uti·

180 2835 253 2880 nam,
272 2834 319 2882 qua
337 2819 459 2880 bucusque
476 2817 505 2863 in
531 2830 568 2862 mc
578 2815 679 2876 fuistis
704 2815 883 2876 benevolentia,
902 2831 1001 2862 rnenero
1025 2813 1123 2878 uelitis,
1141 2817 1252 2882 miliique
1273 2819 1330 2866 lici·

154 2969 156 2977 Ι
181 2919 232 2958 tum
250 2911 287 2958 sit
304 2911 380 2958 etiam
398 2909 427 2956 in
439 2915 568 2972 postorum
586 2907 619 2954 ad
636 2913 719 2954 oestro
737 2907 868 2971 consuqere
886 2904 1014 2956 consilio!

216 3001 378 3050 Leidensium
397 2999 569 3062 Tbeoloqoram
594 2998 686 3046 Ordini
706 3001 789 3062 moqis
808 3001 882 3047 ctiam
907 3015 944 3048 me
965 3000 1103 3048 indebitum
1121 3015 1189 3062 esso,
1206 3001 1328 3064 inprimis

185 3095 243 3142 Viro
258 3095 294 3142 Cb.
313 3093 413 3141 Sobel
418 3099 487 3152 ton,
514 3092 655 3138 Promotori
671 3093 899 3154 aestumatissimo,
924 3094 954 3140 in
972 3095 1061 3140 intimo
1076 3093 1146 3140 corde
1156 3095 1326 3156 persentisco,

181 3186 254 3250 idque
277 3185 361 3248 palam
383 3198 448 3231 nunc
468 3183 604 3246 profitens,
627 3182 670 3244 pio
684 3181 784 3244 sunqor
806 3180 892 3244 ficia.
932 3182 977 3228 Vos
1002 3197 1083 3230 omrses
1111 3183 1169 3230 Viri
1191 3180 1261 3245 Old,
1284 3200 1328 3232 nec

181 3279 265 3324 minus
285 3276 324 3322 Tu
342 3275 380 3324 et.
398 3290 455 3322 oon
469 3270 611 3337 Honqel!
624 3288 672 3336 pro
689 3275 783 3321 enimin
794 3281 876 3320 oestro
885 3275 1062 3335 institutione,
1081 3290 1129 3338 qua
1137 3276 1338 3339 perquadrien·‘

181 3371 251 3418 nium
271 3370 313 3416 uti
337 3368 404 3415 mibi
422 3368 510 3426 licuit,
528 3368 610 3430 maqis
632 3367 708 3414 etiam
729 3381 773 3430 pro
799 3368 915 3430 eqreqia,
941 3383 990 3430 qua
1015 3383 1053 3415 me
1076 3369 1209 3432 recepistis
1233 3384 1329 3434 seraper

181 3461 314 3520 comitate,
339 3467 368 3506 ut
394 3467 418 3506 et
440 3473 485 3522 pro
503 3473 597 3506 samma
614 3459 784 3518 liberalitato,
800 3474 848 3522 qua
866 3466 1002 3507 vostrorum
1019 3460 1218 3508 bibliothecarum
1233 3463 1327 3524 copiam

182 3551 247 3599 mibi
261 3549 381 3610 fecistis,
406 3547 528 3596 candidos
553 3548 658 3611 accepite
683 3549 795 3610 qrotios,
824 3555 848 3594 et
874 3547 989 3608 erendum,
1007 3563 1076 3612 quem
1095 3565 1190 3614 semper
1205 3567 1265 3616 erqo
1289 3569 1326 3602 mo

123 3625 136 3677 ,⁸
182 3643 320 3702 habuistis,
347 3645 377 3689 in
396 3647 523 3704 postorum
547 3653 638 3704 quoque
663 3641 785 3699 servetis,
812 3641 930 3687 animum.
967 3641 1036 3688 Deus
1064 3641 1092 3690 0.
1114 3642 1151 3691 M.
1179 3643 1325 3693 diutissime

72 3739 79 3748 “
112 3731 124 3799 J
183 3751 225 3784 oos
235 3741 318 3782 seruet
334 3734 469 3781 incolomes
484 3734 512 3780 in
529 3732 678 3795 disciplinae
693 3738 792 3778 nostroe
809 3738 833 3778 ct
852 3733 983 3780 Ecclesiae
1003 3733 1075 3782 decus
1094 3750 1123 3782 ac
1139 3735 1325 3785 ornamentum!

137 3833 142 3842 '
218 3826 272 3874 Nec
300 3827 384 3873 minus
402 3825 536 3889 praeclare
557 3823 587 3870 do
611 3837 649 3870 me
671 3830 815 3870 meruerunt
844 3825 996 3872 Litterarum
1021 3826 1201 3876 Humaniorum
1225 3829 1326 3890 Praes-

118 3967 128 3980 ,
183 3933 266 3979 sores,
291 3933 392 3980 quorum
414 3916 489 3964 scolis
506 3930 554 3980 per
578 3915 715 3962 triennium
730 3916 854 3964 interesse
870 3918 935 3964 mibi
950 3919 1071 3982 contiqit,
1090 3935 1149 3982 qnos
1171 3935 1263 3983 ornnes,
1289 3923 1325 3970 Te

118 4008 129 4072 ξ
159 4012 324 4076 '''im‚orimis,
352 4010 515 4058 Oeleberrimo
540 4005 667 4071 Cobet!‚
697 4011 799 4074 optimos
824 4023 919 4073 semper
939 4012 1149 4076 qratissimosquc
1170 4013 1248 4062 leubui
1271 4030 1325 4062 mo-

121 4092 135 4118 ,A

123 4135 133 4156 e

92 4172 135 4260 *b

97 4255 139 4315 ,N
209 4239 228 4293 1)
249 4241 340 4281 Primum
354 4240 428 4280 duobus
441 4237 571 4278 uoluminibus
588 4235 646 4276 Lusci
658 4237 842 4288 operoproaibom,
855 4237 925 4286 quibus
938 4237 1053 4286 quantocius
1068 4237 1154 4276 addetur
1169 4239 1249 4276 tortium
1262 4239 1324 4278 ettam

182 4310 256 4358 ipsius,
281 4306 342 4346 lutino
359 4316 447 4344 sermone
466 4305 605 4352 conscriptam,
626 4303 731 4342 continens.
757 4301 848 4341 Historia
861 4301 995 4340 Ecclesiorum
1007 4303 1043 4342 sub
1057 4301 1132 4349 Cresco,
1149 4302 1220 4352 belqico
1236 4315 1324 4343 sermone

183 4375 310 4420 commando,
322 4384 361 4412 uno
374 4371 471 4412 uolumine
484 4369 600 4410 absolvetur.
622 4369 667 4408 tom
680 4368 794 4408 manebam
807 4368 911 4406 cnutonem
921 4369 1042 4406 annuntiare
1055 4377 1171 4418 maqnopere
1186 4371 1230 4407 med
1244 4371 1322 4417 referre

183 4441 293 4486 uidebatur,
306 4439 356 4490 quad
369 4437 429 4478 simul
442 4448 507 4476 omnes
523 4435 635 4474 litterarum
650 4435 788 4474 humaniorum
803 4434 934 4483 bessorumque
948 4434 1024 4472 arctum
1039 4433 1141 4481 fautores,
1153 4435 1171 4472 si
1184 4434 1253 4482 forsan
1266 4433 1324 4474 Laeci

185 4506 288 4557 epistolae,
302 4506 342 4545 siue
361 4503 465 4554 opusculo,
488 4503 528 4542 siue
547 4503 599 4540 uitae
619 4503 681 4550 ipsius
709 4501 800 4546 notitiae,
825 4500 912 4538 umidum
936 4499 1074 4549 perunlqatac,
1093 4501 1119 4538 tis
1142 4500 1283 4548 innotuissent,
1304 4507 1326 4541 at

183 4571 315 4612 bmmolcnter
328 4569 375 4610 brec
388 4565 460 4609 ommia
471 4568 709 4614 momenmentum,
723 4570 799 4616 roqatos
812 4577 853 4604 csse
865 4565 931 4606 uelim.
