3240 5100
813 282 872 345 106

276 485 417 568 rc'quiri”
446 486 536 548 docet
547 485 592 568 ²⁰).
633 483 669 546 ln
697 484 809 546 ccteris
836 483 969 563 denique
996 479 1200 543 Caeremoniis
1224 484 1413 545 constituen-

277 591 324 652 dis
366 605 473 652 »suam
506 589 647 652 Ecclesiis
678 589 853 651 libertatem
884 587 1035 670 permittit
1046 586 1096 670 ³¹),
1129 605 1184 680 pro
1215 587 1351 650 locorum
1379 606 1415 648 cc

279 704 473 776 »temporum
494 694 696 776 discrepantia
708 693 772 776 11).”

750 929 935 945 -ι-*1

725 1105 905 1182 clPUr
939 1105 968 1180 Ι.

533 1299 570 1342 DE
591 1296 750 1344 Eccussslsn
772 1294 892 1338 ommni:
913 1293 1010 1346 trous
1030 1294 1175 1338 fllslonlt.

778 1477 911 1492 nan*

623 1649 645 1730 §
667 1649 693 1710 l.
736 1649 779 1711 llo
799 1647 948 1710 Ecclesiae
968 1653 1090 1709 ocewrc.

330 1837 589 1908 Quemadmodum
614 1836 714 1898 credit
742 1845 848 1896 noster
867 1844 900 1896 et
921 1833 1100 1896 confitetur:
1143 1835 1218 1897 «dat
1238 1833 1317 1897 Godt
1339 1835 1365 1896 is
1385 1834 1424 1896 dc

290 1939 479 2021 »Scheppen
510 1937 725 2000 ouderhoudcr
752 1938 832 2000 ende
857 1939 1022 2018 rcgcerder
1043 1939 1118 1999 aller
1139 1938 1289 2020 dinghcn,
1321 1939 1371 2000 die
1392 1939 1425 2000 in

290 2045 373 2127 »den
396 2043 502 2104 Hemcl
524 2046 582 2122 siju
605 2044 683 2105 ende
704 2044 736 2104 in
759 2044 814 2104 der
833 2042 954 2106 Acrdcn
968 2043 1023 2126 ¹),”
1068 2042 1163 2106 Deum
1182 2043 1334 2106 Ecclesiae
1353 2063 1425 2124 quo·

291 2167 350 2228 quc
378 2157 533 2208 auctorem
562 2166 627 2208 csse
650 2147 773 2216 statuit,
803 2157 834 2208 et
856 2148 887 2208 io
909 2166 982 2209 rocc
1025 2145 1231 2234 »Ecclesise’f
1248 2149 1426 2227 explicanda

291 2261 436 2312 testatur:
479 2251 559 2312 »het
586 2251 671 2313 heeft
700 2271 797 2332 syncn
826 2269 914 2313 naern
940 2261 1194 2332 vanwtrocpcn,
1224 2253 1326 2313 omdat
1348 2250 1427 2313 Godt

293 2363 360 2414 »wt
381 2353 438 2415 allc
460 2353 624 2414 menschen
647 2354 685 2414 de
707 2371 804 2434 synon
823 2355 854 2414 in
874 2372 970 2414 conen
988 2353 1149 2434 cyghcuen
1168 2354 1248 2436 hoop
1267 2355 1425 2438 roept²);”

290 2468 416 2520 vocatur
444 2458 539 2539 igitur
581 2456 658 2518 »Dei
687 2456 819 2518 Ecclesia
833 2457 887 2539 8),”
917 2467 948 2518 ct
977 2458 1089 2518 dicitur
1131 2459 1184 2519 »in
1213 2467 1428 2521 sacrosancto

291 2559 387 2622 »Eius
415 2562 537 2622 nominc
563 2562 689 2622 collecte
717 2561 850 2641 63561).υ
895 2558 926 2620 Si
952 2579 1042 2641 porro
1063 2579 1159 2623 novae
1181 2565 1427 2633 constituuntur,

292 2664 354 2726 Deo
376 2665 408 2726 id
429 2676 550 2746 gratum
572 2665 680 2734 refert,
724 2666 828 2745 »quod
850 2665 1021 2726 admirabili
1043 2684 1097 2725 sua
1119 2666 1256 2728 bonitate
1275 2687 1325 2728 cas
1343 2669 1426 2748 plan·

293 2779 380 2830 »tare
409 2769 601 2852 voluerit⁸).’'
642 2770 688 2838 Ut¹
710 2770 796 2831 brevi
821 2769 935 2839 dicam,
956 2768 1034 2829 nihil
1055 2779 1101 2830 cst
1123 2771 1154 2830 in
1176 2769 1323 2842 Ecclesia,
1353 2772 1426 2851 quin

293 2874 331 2934 ad
354 2872 449 2934 Deum
470 2884 624 2934 auctorem
646 2873 839 2935 referendum
861 2874 917 2942 sit,
939 2882 970 2934 ct
1003 2891 1131 2934 »omncs
1152 2872 1305 2953 quaelibet
1327 2873 1427 2936 Eccle-

295 2978 454 3060 »siasticae
476 2977 684 3039 institutiones
705 2997 721 3037 a
744 2976 807 3038 Deo
829 2977 917 3038 unice
936 2977 1071 3056 pendent
1082 2977 1113 3059 ⁰).
1156 2976 1352 3047 Praesertim,
1373 2977 1428 3038 ubi

275 3070 332 3143 ¹dc
355 3081 467 3144 veteris
488 3083 679 3143 oeconomiae
702 3080 834 3143 Ecclesia
856 3099 955 3143 sermo
976 3081 1025 3151 lit,
1049 3081 1128 3142 Deus
1146 3081 1259 3161 ubique
1277 3085 1429 3150 locorum,

295 3197 449 3266 tamquam
487 3185 639 3248 Ecclesiae
679 3195 784 3247 auctor
823 3186 1003 3247 celebratur.
1056 3185 1240 3266 Ceteroquin
1278 3187 1311 3246 in
1343 3184 1429 3247 Lasci

296 3291 416 3370 scriptis
443 3289 550 3352 ubiubi
572 3309 640 3352 eum
662 3287 782 3351 Christo
804 3291 904 3372 potius
926 3289 1089 3352 Ecclesiam
1111 3292 1303 3352 coniunctam
1324 3291 1429 3370 depre-

296 3393 427 3460 hendes,
456 3402 488 3453 et
516 3394 638 3454 disertis
667 3393 768 3453 verbis
810 3393 944 3454 »Christi
972 3393 1149 3454 institutio”
1178 3392 1311 3454 Ecclesia
1333 3394 1431 3474 appel·

297 3497 394 3565 latur,
422 3493 474 3556 ubi
496 3494 586 3563 dicit,
629 3491 775 3574 Spiritum
798 3492 901 3554 Sctum
923 3491 1087 3565 celebrari,
1109 3505 1263 3576 tamquam
1305 3513 1431 3576 »perpe-

328 3800 360 3863 ²⁰)
379 3801 422 3866 Ep.
434 3799 469 3850 od
479 3801 534 3852 Sco.
545 3801 598 3854 Pol.
612 3803 674 3866 (Ser.
687 3805 737 3853 ont.
748 3801 798 3852 III.
811 3804 845 3852 1³.
858 3802 933 3865 loc).

329 3883 361 3946 21)
380 3884 467 3934 Forma
482 3899 513 3934 ac
528 3885 592 3935 ratio
609 3886 665 3936 mic.
681 3885 757 3936 lond.
775 3901 800 3950 p.
818 3885 876 3936 142.

304 4029 305 4032 Ἴ
330 3963 417 4026 ῃ)16.
440 3966 485 4032 Ep.
503 3966 581 4016 dedic.
601 3983 626 4032 p.
649 3968 690 4018 23.
708 3966 744 4018 cf.
766 3967 800 4017 ib.
822 3967 862 4018 24.
882 3968 906 4016 et
924 3966 1004 4032 operis
1027 3964 1211 4027 19,90,140.
1232 3965 1276 4031 Ep.
1297 3964 1332 4016 od
1351 3965 1436 4018 Pellio.

304 4048 362 4109 (Ser.
381 4051 432 4099 act.
449 4047 485 4101 ΙΙ,
504 4049 538 4100 la.
557 4049 632 4113 532).
651 4050 686 4100 2³.
706 4051 788 4116 Suppl.
806 4050 841 4100 od
855 4067 904 4114 rep.
921 4050 985 4101 Dan.
1006 4050 1098 4114 (Simpl.
1116 4064 1146 4100 ac
1155 4048 1204 4114 fid.
1221 4063 1288 4098 narr.
1305 4063 1328 4112 p.
1346 4047 1405 4108 66).

342 4129 363 4190 l)
382 4130 451 4193 conf.
461 4129 533 4194 fidei.
550 4147 574 4195 p.
593 4131 633 4182 15.
652 4133 779 4192 (curruca
796 4132 871 4194 2571.
971 4132 990 4194 ²)
1009 4130 1046 4181 lb.
1064 4148 1087 4196 p.
1106 4130 1129 4180 2.
1148 4133 1275 4192 (uesanos
1291 4147 1315 4194 p.
1333 4129 1410 4190 231).

343 4210 364 4273 ³)
382 4211 468 4262 Forma
488 4227 518 4262 ae
538 4213 601 4264 ratio
623 4214 679 4264 min.
700 4214 774 4266 Locd.
796 4229 821 4279 p.
840 4215 901 4275 171,
925 4212 985 4272 271,
1010 4213 1070 4273 619;
1093 4215 1137 4279 Ep.
1154 4214 1190 4264 od
1206 4212 1437 4276 cnrat.111.(ser.

304 4297 354 4344 ant.
372 4293 407 4344 ΙΙ.
426 4295 460 4344 21.
479 4295 556 4358 686).
572 4296 618 4360 Ep.
635 4296 670 4346 od
684 4296 759 4348 Henr.
779 4299 857 4349 Elect.
875 4298 930 4348 Pol.
950 4295 992 4360 (ib.
1010 4297 1044 4347 II.
1062 4298 1097 4347 2².
1116 4296 1190 4360 722).

344 4375 365 4439 ⁴)
382 4378 469 4428 Formo
485 4393 514 4428 cc
530 4378 594 4428 rollo
610 4378 666 4429 mio.
683 4379 758 4430 lond.
775 4395 799 4445 p.
817 4380 874 4430 319.
974 4379 994 4442 ι1)
1014 4378 1050 4431 lb.
1068 4395 1091 4444 p.
1111 4377 1150 4432 77.

345 4461 365 4520 ⁶)
383 4456 420 4508 Ib-
442 4475 466 4523 p.
491 4458 549 4512 171.
572 4457 609 4509 (ll.
632 4457 664 4509 ib.
688 4474 712 4524 p.
735 4460 792 4512 510.
809 4463 852 4528 Ep.
876 4461 910 4512 ad
933 4461 1026 4514 Orocm.
1047 4464 1107 4525 (Ser.
1124 4465 1175 4512 ccl.
1193 4460 1228 4513 11.
1247 4459 1282 4511 2³.
1300 4457 1376 4522 oto).
1393 4458 1439 4523 Ep.

306 4539 341 4595 ad
355 4537 479 4594 Hardcnb.
495 4535 541 4603 tib.
559 4539 594 4592 II.
611 4539 647 4594 2¹,
665 4540 739 4606 666).
