3228 5102
827 311 865 375 36

277 518 359 600 poris
386 517 571 587 discrimine;
599 549 640 562 -
667 515 761 576 altera
791 512 985 580 visibilis,
1014 527 1086 591 qnae
1111 509 1257 571 dominnm
1284 513 1412 588 respectu

279 623 399 686 societas
419 621 553 682 labenda
575 626 617 680 est
637 637 748 688 eornm,
767 617 817 698 qni
835 623 953 678 entnna
974 615 1044 696 fidel
1058 613 1238 694 professione
1256 609 1413 673 coadunati

281 734 361 796 sunt,
382 758 423 773 --
440 724 536 806 potins
554 730 649 784 tornea
665 721 698 783 in
716 738 770 782 sna
787 720 826 781 ad
844 719 935 780 llearn
952 717 1092 779 relatione
1103 716 1258 797 spectanda
1272 721 1329 785 est,
1351 721 1415 775 tan·

282 847 367 910 qaam
388 839 598 891 externum
619 826 787 888 medium
809 824 1062 892 adsalutem,
1085 820 1142 882 nne
1163 821 1260 882 scola
1282 818 1415 881 doctri·

284 933 404 1003 nolis,
432 931 465 992 in
493 949 579 1012 qaam
604 929 770 1009 plemmqne
798 925 955 1004 aqqreparl
975 925 1035 985 onlt
1056 922 1133 983 Dens
1154 921 1255 982 electos
1276 939 1357 990 snos,
1384 926 1417 979 nt

283 1035 383 1096 diuina
403 1032 506 1094 imbuti
526 1031 659 1092 doctrina
680 1031 735 1091 rite
758 1029 833 1091 llum
854 1029 946 1090 colere
966 1028 1129 1088 doceantur.
1175 1024 1323 1086 Callolo'ea
1347 1023 1417 1084 leaeo

284 1137 432 1207 Ecclesia,
454 1153 526 1216 qaae
546 1134 694 1195 doctrinae
715 1151 854 1194 carosensn
873 1131 957 1193 nnice
978 1131 1041 1208 fere
1061 1129 1213 1198 innititur,
1234 1145 1294 1189 aaa
1315 1133 1356 1188 est
1374 1133 1418 1186 al·

284 1261 337 1321 qne
361 1246 517 1321 perpetua,
546 1238 609 1299 sola
637 1237 783 1318 saluifica,
811 1253 902 1296 onena
930 1233 967 1294 ot
995 1252 1108 1304 errore,
1137 1233 1176 1292 od
1198 1229 1419 1292 sanctimoniam

285 1339 418 1412 tauns,
446 1359 466 1402 a
493 1340 575 1419 salsa
599 1339 720 1420 deniqne
748 1337 880 1400 Ecclesia
908 1337 991 1399 nnlee
1019 1336 1097 1398 narb
1122 1341 1419 1414 sacramentorumque

283 1445 460 1516 ntotaerto,
483 1452 620 1526 tanquan
641 1443 733 1523 lupatio
756 1443 867 1523 lapide,
888 1440 1087 1503 discernenda.

756 1704 941 1717 ...—

713 1920 893 1998 eleut
927 1921 994 1996 ΙΙΙ.

459 2111 496 2154 DE
518 2112 567 2155 vll
589 2111 624 2154 tc
647 2111 790 2166 RATIONE,
812 2111 916 2162 QUIBUS
938 2109 1076 2154 ncutnstl
1099 2109 1260 2153 OPERATUR.

792 2319 924 2330 --—-

328 2480 368 2544 Ut
390 2479 522 2542 Ecclesia
544 2497 671 2540 munere
693 2498 747 2540 suo
769 2479 955 2560 defungatur
978 2489 1009 2540 et
1031 2480 1160 2541 docendi
1183 2481 1426 2562 instituendique

285 2594 387 2666 partes
419 2583 583 2652 sustineat,
615 2583 790 2663 dispensare
823 2583 916 2644 debet
972 2582 1189 2654 »thesaurum
1223 2605 1313 2665 quem
1345 2585 1424 2647 lleus

180 2693 184 2700 '
288 2688 390 2769 »apud
412 2707 478 2749 eam
500 2687 639 2768 deposuit
653 2687 701 2769 ¹).”
744 2686 897 2758 Quaenam
920 2687 1011 2748 huius
1030 2687 1166 2748 thesauri
1187 2698 1295 2750 natura
1314 2690 1368 2758 sit,
1391 2700 1423 2749 et

288 2811 419 2873 quanm
443 2792 560 2852 ratione
583 2790 637 2851 fiat
658 2791 724 2851 eius
745 2791 930 2871 dispensatio
952 2792 983 2852 in
1005 2790 1064 2852 hoe
1087 2792 1182 2872 igilur
1204 2793 1301 2872 capite
1324 2793 1423 2871 inqui·

287 2895 417 2956 rendum
449 2893 537 2956 nobis
570 2895 637 2956 erit.
682 2891 778 2955 Media
812 2905 931 2965 autem,
964 2893 1073 2974 quibus
1096 2896 1195 2956 utitur
1217 2895 1366 2965 Ecclesia,
1388 2904 1423 2955 ut

188 3023 193 3034 ·
288 2999 382 3060 linem
406 3017 495 3060 suum
517 2999 716 3079 adipiscatur,
746 3017 838 3078 quum
862 3017 878 3058 e
901 2998 1016 3060 Calvini
1039 2999 1191 3060 sententia
1215 2999 1299 3059 verbi
1320 2999 1423 3060 minis·

289 3103 384 3172 teria,
416 3102 621 3164 celebratione
653 3102 767 3171 cultus,
799 3112 1057 3164 sacramentorum
1079 3103 1358 3172 administratione,
1391 3111 1423 3163 et

290 3207 467 3287 disciplinae
488 3226 561 3276 usu,
590 3205 778 3286 potissimum
800 3215 956 3275 constant,
985 3216 1086 3266 nostra
1109 3224 1229 3285 quoque
1251 3205 1423 3284 disquisitio

290 3310 513 3392 quadripartito
534 3309 594 3369 erit
615 3308 726 3378 divisa;
749 3317 781 3368 et
802 3307 845 3368 ita
867 3306 990 3386 quidem
1012 3307 1090 3367 serie
1113 3325 1129 3366 a
1151 3306 1238 3366 nobis
1260 3307 1298 3367 de
1320 3307 1422 3387 singu·

289 3413 328 3474 lis
353 3414 490 3482 dicetur,
519 3420 555 3472 ut
585 3411 713 3472 seorsim
742 3411 780 3472 de
809 3419 918 3472 natura
941 3428 1046 3470 eorum
1068 3419 1159 3488 atque
1181 3409 1284 3471 indole
1306 3410 1423 3473 Caluini

290 3525 505 3597 percontemur
533 3516 733 3584 sententiam,
762 3514 861 3594 deque
890 3515 939 3575 via
968 3533 1002 3574 ac
1023 3514 1158 3584 ratione,
1187 3515 1298 3594 quibus
1319 3525 1425 3576 utatur

291 3620 329 3680 iis
349 3619 498 3690 Ecclesia,
524 3629 657 3680 mentem
679 3619 772 3700 ipsius
794 3619 992 3698 exploremus.
1035 3617 1148 3689 Quodsi
1171 3620 1238 3698 quis
1260 3620 1292 3680 in
1315 3619 1425 3700 specie·

292 3723 362 3794 bus,
385 3741 459 3802 quas
481 3723 739 3790 enumeravimus,
764 3731 900 3782 mutuam
923 3721 1073 3783 sociorum
1092 3723 1174 3782 inter
1191 3741 1223 3782 se
1242 3723 1426 3802 cooperatio·

294 3844 365 3888 nem
386 3825 556 3895 desiderat,
584 3826 717 3886 libenter
737 3825 884 3894 fatemur,
906 3823 1078 3893 Calvinum,
1099 3824 1151 3896 ubi
1173 3843 1222 3884 res
1243 3825 1274 3884 id
1296 3828 1426 3905 postula·

292 3929 363 3999 bat,
393 3938 424 3990 et
455 3949 480 3991 v.
510 3948 535 3989 c.
564 3929 597 3989 in
626 3938 719 4008 apost.
748 3928 843 4008 symb.
873 3927 1069 4006 explicandus
1090 3935 1155 3986 erat
1177 3923 1323 3989 articulus
1365 3931 1426 3991 »de

294 4033 507 4095 communione
536 4031 744 4102 sanatorum,''
767 4031 919 4111 praeclare
941 4029 1094 4090 docuisse:
1134 4029 1212 4090 »hae
1232 4033 1300 4113 lege
1322 4052 1427 4114 aggre-

294 4135 382 4217 »gari
404 4148 524 4197 sanctos
546 4137 578 4196 in
600 4136 774 4196 societatem
794 4133 921 4202 Christi,
943 4142 978 4193 ut
996 4151 1195 4214 quaeeunque
1214 4135 1245 4195 in
1263 4154 1316 4198 eos
1337 4138 1427 4198 bene·

295 4237 385 4299 »licia
415 4229 494 4300 Deus
523 4239 656 4308 confert,
684 4239 766 4298 inter
795 4255 827 4298 se
854 4236 1085 4296 communicent.
1127 4235 1232 4319 Neque
1258 4241 1339 4301 enim
1360 4239 1428 4302 lieri

294 4363 420 4426 speses,
441 4344 467 4404 si
489 4361 561 4405 vere
583 4342 719 4424 persuasi
740 4341 802 4402 sint
824 4339 919 4401 neum
941 4357 1132 4403 communem
1153 4361 1220 4406 esse
1241 4354 1374 4424 patrem,
1396 4355 1428 4408 et

333 4551 355 4616 ι)
370 4551 432 4602 roe.
450 4550 493 4601 m.
513 4551 536 4602 1.
555 4551 579 4601 1.

1594 785 1596 818 l

1595 869 1596 902 l
