3228 5102
727 283 854 364 ‘on

268 503 396 563 bilitatis
416 502 572 562 excusatio
593 503 685 581 accipi
707 511 823 580 potest,
845 519 914 560 nam
937 501 1000 580 ipae
1024 497 1103 560 Deus
1145 502 1202 560 »in
1225 502 1319 560 servis
1340 501 1402 560 suia

269 607 333 667 nita
356 615 514 686 operatur,
540 616 574 665 nt
596 604 672 664 nibil
694 615 801 684 agant,
827 604 885 662 nisi
908 616 1057 682 quatenus
1078 613 1228 682 reguntur
1249 603 1315 662 eius
1337 600 1402 682 Spi-

270 708 418 789 aritn⁸).'’
459 707 600 768 Praecsse
629 708 725 786 igitur
744 706 837 768 debet
858 705 1010 767 Ecclesiae
1031 705 1101 766 ordo
1123 706 1319 787 hominurn’),
1348 724 1402 786 per

270 829 400 893 quorum
429 831 462 872 os
489 813 552 892 ipse
583 811 662 872 Deus
690 809 840 889 loquitur,
868 811 940 870 dum
970 828 1072 870 veram
1102 809 1272 870 doctrinam
1293 809 1403 888 populo

270 916 465 976 annunciant.
507 913 626 994 Reliqui
655 914 767 974 dociles
794 931 861 973 esee
888 913 1001 974 debent
1027 913 1183 993 discipuli,
1212 913 1264 992 qni
1287 932 1303 973 a
1326 912 1403 974 vica·

269 1021 325 1081 riis
346 1018 400 1080 Dei
421 1018 554 1081 divinam
575 1017 744 1081 doctrinam
764 1027 943 1078 reverenter
963 1018 1124 1098 excipiant.

527 1223 549 1306 i
569 1224 596 1285 3.
642 1224 714 1296 Qeot
735 1223 793 1286 aiot
812 1223 1010 1285 ministrorum
1030 1231 1145 1303 pedere.

315 1430 397 1502 »Qui
418 1428 569 1490 Ecclesiae
591 1429 731 1509 regimini
753 1430 920 1490 secundum
942 1429 1053 1491 Christi
1076 1427 1300 1490 institutionem
1322 1445 1405 1507 prae·

274 1544 385 1604 scunt,
406 1535 603 1593 nominantur
620 1553 637 1593 e
656 1532 766 1603 Paulo,
786 1534 916 1613 primum
935 1533 1076 1612 Apostoli,
1099 1532 1210 1593 deinde
1229 1530 1404 1610 Prophetae,

276 1639 390 1698 »tertio
411 1635 632 1714 Euoopelim,
654 1646 763 1715 quarto
781 1644 927 1715 pactores,
949 1647 1101 1716 postremo
1118 1636 1264 1696 dectorec:
1285 1653 1324 1694 ex
1342 1633 1406 1712 qui·

275 1739 355 1800 »bue
381 1737 443 1801 duo
468 1747 587 1798 tantum
609 1737 707 1797 ultimi
730 1738 917 1798 ordinarium
938 1737 970 1798 in
992 1736 1126 1798 Ecclesia
1147 1755 1257 1798 munus
1277 1735 1407 1800 habent:

276 1843 374 1902 ‚ulios
405 1851 468 1901 tres
497 1835 585 1898 initio
613 1838 757 1898 excitavit
785 1837 865 1899 Deus
893 1849 924 1900 et
952 1841 1078 1900 suscitat
1107 1840 1261 1900 interdurn
1291 1857 1346 1918 pro
1374 1846 1409 1897 ut

276 1953 469 2024 »tempor-um
498 1942 661 2002 necessitas
687 1942 881 2022 postulat1).''
922 1941 1007 2004 Inter
1028 1943 1162 2022 quinque
1184 1943 1234 2003 illa
1256 1943 1408 2003 ministro-

275 2063 342 2107 rum
365 2063 476 2127 genera
498 2047 540 2106 ita
562 2046 724 2126 distinguit
745 2055 867 2114 noster,
889 2055 924 2106 nt
945 2047 1007 2106 sint
1029 2048 1072 2107 1⁰.
1094 2046 1222 2124 Apostoli
1242 2047 1281 2116 ii,
1321 2045 1409 2124 »qui-

211 2177 216 2182 ·
276 2151 355 2212 abus
383 2149 595 2210 attribuuntur
622 2150 698 2210 nulli
724 2151 799 2210 certi
821 2149 914 2218 linea,
943 2151 996 2210 sed
1018 2160 1100 2210 totus
1121 2150 1203 2210 orbis
1224 2150 1410 2230 assignatur,

277 2255 342 2314 »ll⁹.
365 2252 571 2331 Ecocpcticrae
587 2253 713 2316 luerunt
731 2253 806 2322 viri,
820 2254 878 2332 qui
895 2272 988 2332 quum
1000 2252 1150 2333 dignitate
1163 2253 1411 2333 apostoliamiuo·

277 2383 291 2412 s
300 2373 365 2426 ree,
384 2355 482 2418 allicio
493 2367 595 2416 tamen
607 2357 734 2436 proximi
745 2367 848 2425 erant,
870 2357 1005 2436 adeoque
1018 2357 1097 2418 vices
1109 2375 1214 2418 eorum
1226 2353 1412 2436 gerebant;”

278 2460 320 2521 3⁰.
342 2459 503 2538 Prophetae
523 2460 655 2520 habendi
677 2470 750 2521 sunt
782 2479 866 2520 cnon
888 2461 1017 2540 quilibet
1038 2462 1159 2522 divinae
1184 2459 1350 2522 voluntatis
1368 2459 1413 2518 iu·

279 2573 466 2643 »terpretem
488 2564 541 2624 sed
563 2565 614 2642 qni
633 2564 781 2644 singulari
800 2565 986 2624 revelatione
1005 2563 1237 2634 excellebant;''
1280 2565 1323 2623 4⁰.
1342 2561 1413 2622 Dre-

278 2674 353 2728 tores
385 2683 510 2731 »sacrae
538 2665 705 2746 scripturae
731 2661 975 2746 interprelationl
1004 2677 1123 2728 tantum
1151 2665 1337 2746 praesunt;”
1370 2667 1412 2726 δ’.

217 2817 220 2822 .
279 2770 414 2831 Pontorea
437 2769 569 2848 denique
611 2769 810 2850 »disciplinae
827 2788 905 2839 usu,
935 2781 1192 2831 sacramentorum
1224 2770 1413 2830 administra·

279 2874 401 2942 atione,
425 2872 662 2943 monitionibus,
691 2873 971 2941 exhortationibus.
992 2883 1066 2934 cett.
1086 2873 1258 2954 iunguntur
1268 2871 1321 2954 ²).''
1355 2870 1414 2931 lio·

278 2993 346 3038 rum
366 2976 501 3036 omnium
523 2977 612 3036 unice
634 2976 697 3038 lere
720 2977 799 3036 circa
820 2976 948 3037 verbum
969 2977 1105 3037 divinum
1127 2993 1238 3038 munus
1260 2985 1413 3044 versatur,

177 3083 269 3224 s
279 3079 389 3160 quibus
417 3079 559 3140 inferiore
587 3079 654 3140 loco
676 3079 825 3140 accedunt
867 3079 950 3140 »duo
972 3081 1029 3140 clia
1052 3080 1181 3160 genera,
1209 3097 1287 3159 qaae
1309 3097 1414 3159 perpe·

279 3193 357 3245 »tao
384 3195 523 3244 manent:
552 3183 732 3264 gubernatio
760 3192 792 3244 et
821 3201 892 3243 cura
919 3199 1084 3262 pauperum
1096 3181 1146 3264 ⁸).”
1191 3181 1414 3245 Gubematoaes

186 3323 190 3331 ·
281 3298 375 3347 aanor
399 3286 533 3348 Senioros
553 3288 592 3348 de
614 3287 702 3367 plebe
723 3287 850 3356 delecti,
873 3287 925 3366 qui
947 3303 1094 3346 censurae
1121 3303 1240 3347 morum
1268 3297 1301 3347 et
1329 3305 1415 3346 exer·

281 3390 490 3450 »exercendae
512 3391 688 3470 disciplinae
709 3409 770 3450 una
791 3407 859 3450 cum
877 3390 1003 3468 reliquis
1017 3401 1193 3469 praeessent
1204 3390 1226 3472 ⁴)
1234 3389 1260 3459 ,''
1278 3399 1313 3450 nt
1341 3387 1415 3450 »ha-

281 3491 375 3553 »beat
403 3508 602 3573 unaquaeque
629 3491 762 3553 Ecclesia
788 3511 877 3553 suum
906 3491 1069 3562 Senatum,
1096 3493 1357 3574 circumscriptum
1377 3511 1416 3554 cx

282 3596 379 3658 »viris
402 3597 475 3676 piis,
503 3595 646 3676 gravibus
673 3605 706 3657 et
734 3597 860 3666 sanctis,
887 3613 979 3677 penes
1001 3613 1092 3676 quem
1113 3607 1160 3658 est
1181 3597 1353 3661 iurisdictio
1363 3596 1415 3678 ⁵).”

311 3803 333 3867 ἢ
351 3804 433 3854 Praei.
450 3803 477 3852 in
494 3803 579 3852 naeu.
597 3800 645 3852 111.
663 3802 686 3853 9.
704 3803 734 3852 ol.
751 3793 874 3853 mmo.
901 3804 984 3854 derel.
1003 3803 1048 3853 der
1063 3803 1146 3854 erest.
1163 3803 1216 3854 und
1230 3805 1287 3868 Spu.
1309 3803 1416 3868 Versata.

283 3885 381 3937 Leiden.
403 3886 476 3936 1854.
497 3887 520 3936 S.
538 3885 570 3934 32
592 3898 641 3948 eqq.
663 3885 687 3932 et
710 3895 738 3934 tt.
761 3897 867 3934 nonanta
893 3886 975 3937 (lescle.
997 3885 1040 3936 dea
1063 3889 1119 3937 Chr.
1139 3888 1195 3940 Led.
1215 3886 1242 3936 in
1267 3886 1312 3936 der
1332 3886 1418 3936 iiheiu·

288 3967 389 4034 Weatplt.
406 3969 504 4020 Kirclte.
522 3967 543 4018 Ι.
560 3967 584 4017 S.
602 3966 650 4016 298
668 3981 718 4031 sqq.

323 4053 344 4115 ⁹)
361 4053 397 4101 De
414 4050 532 4102 industrie
545 4048 661 4101 vontus
682 4047 812 4108 „ordinis”
828 4049 932 4109 utimur,
949 4052 978 4099 nt
994 4065 1066 4115 quam
1082 4051 1188 4116 proxime
1204 4043 1235 4101 ad
1251 4049 1348 4101 leini
1364 4067 1416 4101 aen-

283 4134 385 4186 tentiam
402 4133 547 4186 accedamus.
582 4131 635 4198 Quo
657 4129 722 4194 inre,
741 4131 823 4183 doceat
842 4130 906 4181 idem
922 4131 1064 4182 vocabulum
1081 4131 1120 4182 bia
1139 4133 1166 4182 in
1185 4133 1230 4183 hec
1250 4135 1262 4196 ς
1279 4133 1346 4184 linea
1364 4133 1418 4184 sub

285 4217 403 4266 notulam.

325 4295 345 4360 ¹)
365 4299 423 4348 Inal.
440 4296 483 4349 IV.
507 4299 530 4350 3.
552 4300 577 4350 4.
601 4298 631 4348 ei.
652 4295 715 4347 Vera
731 4295 795 4347 Ecol.
812 4295 859 4362 ref.
875 4301 923 4348 rol.
940 4295 1007 4350 Toni.
1024 4297 1097 4348 VIII.
1115 4295 1190 4358 287⁵,
1216 4301 1302 4352 Contu.
1319 4299 1356 4351 ad
1371 4301 1418 4352 lii.

286 4373 307 4430 l.
325 4377 349 4429 t.
365 4389 505 4430 sonuum.
523 4394 545 4429 ο.
557 4375 575 4428 l.
587 4375 636 4429 111.
649 4377 697 4432 22¹!
709 4379 734 4426 et
751 4377 808 4432 298.
824 4389 952 4431 sennam.
969 4378 1022 4434 nl.
1039 4397 1063 4446 p.
1085 4381 1147 4444 186,
1171 4381 1229 4438 tet.
1247 4391 1345 4434 nram.
1363 4398 1385 4434 0.
1397 4381 1416 4434 l.

285 4473 309 4526 p.
327 4457 366 4511 24.
384 4460 503 4510 numm.
520 4476 542 4511 o.
560 4459 577 4512 l.
594 4476 619 4526 p.
637 4460 665 4522 6,
683 4459 707 4513 7.

325 4541 425 4607 ²)Iml.
441 4539 485 4598 lv.
502 4541 526 4596 il.
543 4542 567 4594 4.
667 4539 689 4604 ³)
707 4539 768 4593 lori.
785 4539 828 4595 IV.
846 4543 870 4595 3.
888 4543 911 4595 8.
1012 4545 1033 4609 ⁴)
1050 4543 1088 4598 ΙΙ).
1187 4544 1211 4608 ⁸)
1226 4543 1264 4599 It.
