3240 5100
829 291 887 352 176

288 513 355 556 rum
376 492 534 556 hominum
557 493 724 556 sententias
746 494 827 554 inter
848 511 881 554 se
905 509 1085 573 componere
1107 493 1191 554 velis.
1231 489 1298 553 Non
1327 494 1427 561 enim,

286 597 361 678 quid
383 609 470 660 vetus
498 597 576 660 sama
605 609 696 677 atque
718 598 843 658 traditio
865 616 919 677 per
940 613 1045 658 eorum
1069 611 1117 666 os,
1138 597 1175 657 iis
1197 597 1315 666 insciis,
1336 595 1426 656 nobis

286 699 415 770 reserat,
444 699 641 778 inquirimus
669 697 723 759 sed
745 715 835 767 vero,
862 698 935 778 quid
963 698 1128 778 utrubique
1151 700 1306 778 proprium
1328 700 1367 759 sit
1390 718 1425 759 ac

286 803 422 884 privum,
450 803 524 882 quid
553 819 690 883 premere
712 801 901 882 potissimum
924 797 1039 871 solent,
1067 802 1120 863 ubi
1142 801 1245 862 dedita
1268 821 1358 882 opera
1381 803 1424 861 lo·

286 925 370 976 eum,
398 907 436 967 dc
466 925 526 986 quo
555 905 704 973 sciscitas,
733 915 956 974 tractaverunt,
985 905 1118 986 quidde
1141 907 1423 986 compositoucget

286 1009 380 1078 alter,
402 1010 483 1089 quod
505 1011 583 1070 alter
604 1008 748 1078 affirmat,
770 1010 844 1088 quid
865 1007 997 1089 denique
1017 1009 1138 1070 nonnisi
1155 1009 1368 1070 haesitabundi
1391 1015 1424 1068 et

285 1130 400 1174 summa
422 1131 490 1174 cum
513 1112 704 1173 dubitatione
727 1113 925 1192 protulerint,
948 1124 1021 1174 tunc
1043 1123 1114 1174 ante
1136 1115 1234 1174 omnia
1254 1113 1423 1194 diligentis·

285 1216 359 1277 sime
382 1214 470 1278 nobis
492 1216 742 1296 perscrutandum
763 1216 831 1276 erit.
863 1214 975 1285 Quodsi
997 1218 1065 1296 quis
1083 1217 1132 1278 vel
1149 1219 1192 1278 sic
1214 1227 1315 1278 tamen
1337 1232 1422 1296 prae·

286 1329 459 1400 occupatam
488 1319 672 1382 sententiam
694 1329 830 1379 nostram
851 1319 960 1389 luisse,
988 1331 1020 1379 et
1048 1337 1145 1400 aequo
1174 1321 1242 1400 plus
1263 1319 1421 1381 Calvinum

286 1423 384 1484 odisse
407 1441 478 1493 noa,
499 1423 601 1484 lavere
623 1432 725 1484 eutem
744 1420 837 1482 Lasco
856 1423 1011 1502 opinetur,
1032 1423 1165 1484 libenter
1182 1425 1263 1484 ultro
1281 1423 1422 1495 latemur,

285 1525 465 1596 Ecclesiam,
484 1527 603 1607 qualem
616 1527 780 1589 delineavit
792 1527 879 1598 nobis¹
891 1526 1045 1596 Calvinus,
1060 1527 1196 1606 quamvis
1208 1528 1316 1596 animi,
1331 1543 1422 1606 qnam

285 1631 315 1692 in
330 1650 365 1692 ca
380 1631 577 1693 describenda
594 1631 711 1710 prodit,
733 1630 881 1692 lortitudo
899 1630 980 1691 haud
998 1649 1068 1691 raro
1080 1633 1111 1692 in
1124 1631 1354 1692 admirationem
1366 1648 1422 1691 nos

283 1736 431 1814 rapuerit,
447 1733 522 1795 nihil
535 1745 635 1796 tamen
648 1733 777 1804 habere,
796 1735 878 1814 quod
890 1735 1022 1796 arrideat
1034 1736 1135 1806 nobis,
1154 1736 1235 1814 quod
1247 1735 1420 1814 displiceat,

282 1840 427 1908 multum,
446 1837 676 1919 adeoqueLasci
689 1837 850 1900 Ecclesiam
864 1850 949 1900 tanto
961 1839 1047 1899 nobis
1065 1840 1095 1899 in
1115 1839 1231 1900 deliciis
1248 1839 1339 1899 fuisse
1358 1859 1420 1900 ma·

282 1944 343 2024 gis,
359 1952 504 2022 quantum
518 1961 533 2002 a
546 1941 660 2002 Calvini
674 1939 804 2003 Ecclesia
817 1943 937 2022 longius
952 1943 1118 2003 recederet.
1140 1941 1244 2002 Restat
1262 1942 1365 2022 igitur,
1384 1953 1420 2002 ut

282 2045 386 2107 sedula
405 2047 622 2126 compositione
642 2046 1037 2127 diligenterexpendamus,
1056 2065 1203 2126 quaenam
1215 2047 1296 2106 inter
1306 2046 1419 2105 utrius·

282 2167 341 2230 que
359 2151 542 2211 sententiam
560 2151 820 2211 disconvenientia
832 2151 1088 2231 deprehendatur,
1106 2149 1136 2210 in
1149 2171 1206 2230 qua
1219 2170 1252 2211 re
1264 2150 1342 2211 hanc
1353 2169 1420 2230 per·

282 2253 452 2334 spicuitatis
470 2273 558 2315 causa
577 2273 740 2333 sequemur
758 2255 920 2325 rationem,
939 2265 973 2314 ut
991 2255 1098 2315 eodem
1118 2254 1278 2315 observato
1296 2255 1420 2322 ordine,

282 2375 372 2438 quem
395 2359 425 2418 in
455 2358 708 2438 praecedentibus
737 2359 906 2425 tenuimus.
933 2359 1011 2419 serie
1040 2359 1243 2438 inquiramus,
1270 2368 1420 2437 quatenus

282 2461 441 2541 utriusque
472 2463 622 2538 sententia
652 2460 773 2522 differat
800 2462 837 2522 de
867 2459 1018 2522 Ecclesiae
1047 2462 1180 2541 origine,
1209 2462 1349 2530 notione,
1371 2461 1420 2521 via

283 2584 316 2625 ne
338 2565 473 2634 ratione,
495 2583 553 2644 qua
574 2575 729 2644 operatur,
752 2565 840 2624 sociis
863 2583 896 2624 ae
918 2566 1081 2645 regimine,
1102 2565 1202 2644 deque
1220 2565 1342 2625 eiusad
1360 2563 1420 2624 dis-

282 2669 451 2730 sentientes
473 2679 505 2729 et
527 2668 736 2748 nangistratum
759 2669 915 2728 relatione.
958 2667 1073 2729 Deinde
1095 2688 1146 2737 ea,
1168 2669 1295 2747 quaein
1317 2668 1420 2747 singu·

282 2773 319 2833 lis
340 2772 541 2852 discrepantia
564 2792 580 2832 n
602 2791 634 2833 se
656 2772 785 2832 invicem
808 2781 898 2832 erunt
920 2772 1084 2852 deprensa,
1106 2773 1137 2832 in
1160 2791 1253 2832 unum
1275 2773 1419 2840 collecta,

282 2875 320 2938 ad
350 2885 432 2938 certa
455 2876 603 2956 quaedam
625 2855 722 2956 capita
745 2874 968 2945 revocabimus,
996 2886 1031 2936 ut
1052 2876 1095 2936 sic
1116 2875 1238 2936 demum
1260 2877 1418 2937 enucleate

283 2981 380 3042 omnis
401 2980 587 3042 diversitatis
608 2980 771 3061 detegatur
792 2979 867 3040 iens.

495 3188 516 3271 ς
537 3189 564 3249 l.
607 3187 649 3249 lle
670 3186 819 3248 Ecclesiae
838 3187 951 3266 eripiare
971 3193 1055 3267 etque
1076 3186 1206 3248 dietario.

324 3391 423 3456 Primo
446 3393 555 3454 obtutu
578 3393 653 3455 nihil
676 3411 799 3474 prorsus
821 3414 837 3455 a
859 3414 891 3456 se
911 3397 1039 3457 invicem
1058 3396 1171 3456 distare
1190 3394 1333 3456 videntur
1353 3393 1417 3455 Cal·

283 3495 345 3558 vini
358 3493 504 3576 Laseique
523 3496 561 3558 de
573 3496 721 3557 Ecclesiae
741 3498 858 3577 origine
877 3507 968 3576 atque
987 3499 1113 3560 historia
1131 3499 1318 3566 sententiae,
1339 3496 1417 3558 nihil

282 3617 348 3661 esse
377 3600 515 3668 omnino,
544 3600 625 3679 quod
654 3597 783 3659 affirmat
811 3602 904 3670 alter,
933 3603 1006 3680 quin
1035 3604 1112 3662 alter
1139 3620 1259 3681 quoque
1284 3601 1417 3661 libenter

282 3701 431 3764 calculum
460 3721 548 3762 suum
572 3693 752 3764 addidisset.
795 3701 928 3782 Uterque
957 3706 1037 3764 enim
1063 3705 1214 3766 Ecclesiae
1236 3705 1418 3766 incunabula

282 3805 321 3867 ad
342 3805 447 3868 mundi
470 3803 619 3886 originem
640 3816 780 3874 revocat,
802 3806 839 3866 ad
863 3807 956 3866 Deum
978 3819 1133 3868 auctorem
1159 3821 1289 3889 uterque
1317 3808 1419 3870 Eccle-

282 3909 344 3972 siae
375 3919 474 3970 ortum
505 3909 616 3978 refert,
644 3919 774 3988 uterque
803 3907 954 3969 aChristi
983 3910 1055 3971 inde
1080 3912 1214 3974 adventu
1242 3923 1418 3975 renovatam

282 4028 348 4071 esse
376 4009 520 4078 eandem,
548 4019 580 4070 et
608 4010 739 4088 aliquam
768 4019 851 4070 certe
876 4013 1143 4074 commutationem
1166 4016 1293 4078 subiisse
1315 4018 1418 4078 existi·

281 4123 361 4182 mat,
389 4113 512 4192 utrique
533 4112 665 4192 denique
686 4111 778 4172 lmius
799 4107 950 4174 Ecclesiae
979 4113 1107 4177 historia
1135 4131 1281 4199 perpetua
1308 4130 1356 4180 est
1384 4139 1418 4179 ae

281 4233 446 4296 numquam
468 4216 639 4296 interrupta
657 4213 751 4276 Deum
774 4216 856 4276 inter
876 4228 908 4277 et
926 4217 1148 4282 Antichristum
1172 4222 1308 4283 luctatio.
1340 4222 1418 4284 Snut

282 4318 357 4380 baec
385 4319 484 4380 omnia
513 4318 572 4379 lixa
601 4328 727 4398 rataque
750 4319 844 4378 veluti
873 4320 998 4399 placita,
1019 4342 1097 4402 quae
1118 4343 1187 4384 eum
1209 4326 1350 4386 omnibus
1369 4327 1416 4386 sui

283 4422 428 4504 temporis
440 4420 602 4504 Theologis
621 4419 763 4484 Calvinus
781 4442 902 4502 quoque
923 4435 955 4485 et
976 4428 993 4485 a
1015 4424 1109 4487 Laseo
1130 4446 1147 4487 a
1171 4428 1324 4489 veteribus
1345 4429 1418 4509 dog·

281 4526 400 4590 matiois
419 4537 643 4590 mutuaverant.
687 4524 740 4586 Vel
761 4526 804 4586 sic
832 4536 934 4589 tarneu
956 4548 1157 4612 praemagna
1179 4531 1211 4592 in
1232 4531 1317 4594 bisce
1337 4533 1419 4593 inter
