3228 5102
839 273 879 337 38

295 482 383 562 plane
406 495 496 539 sensu
519 475 590 536 alibi
609 473 787 536 confltetur:
830 472 943 535 ·Vum
963 491 999 534 uc
1016 473 1127 536 Nouum
1148 474 1355 540 Testamentum
1372 495 1428 559 pro

294 584 405 644 »unica
434 581 505 643 fidei
534 580 640 660 regula
667 579 878 659 amplectimur
890 578 954 660 ιο).”
983 613 1023 624 -
1050 577 1093 639 De
1121 580 1288 660 scripturae
1310 591 1428 649 autem,

292 703 370 768 quoe
392 686 516 764 vulgato
537 701 652 744 cunone
674 684 702 743 ei
724 692 859 752 constat,
881 683 1000 762 origine
1022 694 1113 762 atque
1135 683 1234 762 pretio
1251 684 1294 744 sic
1313 685 1345 744 in
1362 683 1429 744 uni·

297 807 385 851 verso
412 787 632 850 aestimandum
654 795 772 847 censet:
815 784 950 865 »Legem
972 787 1060 846 initio
1081 787 1166 847 dedit
1190 785 1333 848 Dominus
1344 833 1429 856 .....

295 895 350 954 »in
378 911 438 973 qua
464 891 630 952 voluntatis
658 907 730 950 suae
753 891 963 951 testimonium
985 890 1113 970 populas
1134 888 1317 951 Israelitieus
1338 889 1430 954 habe·

295 1005 373 1058 »ret
416 993 551 1055 Accessit
577 993 691 1054 deinde
717 1011 778 1053 non
807 993 926 1054 divorsa
956 1005 1008 1055 tut
1036 1010 1130 1063 nors,
1159 994 1212 1055 sed
1241 995 1368 1074 amplior
1395 1011 1430 1056 ac

296 1099 503 1163 »luculentior
520 1097 658 1158 doctrine
676 1111 713 1156 ex
733 1095 907 1176 prophetis.
920 1141 928 1156 .
941 1141 966 1156 ..
995 1095 1117 1166 Postea,
1139 1115 1236 1177 usque
1253 1097 1326 1158 dum
1344 1113 1430 1157 mun·

296 1203 358 1264 »do
380 1200 579 1262 exhiberetur
601 1198 754 1267 cbristus,
782 1201 851 1279 loge
871 1209 904 1260 et
926 1199 1082 1280 prophetis
1103 1201 1318 1262 continebatur
1338 1201 1438 1280 scrip

296 1315 397 1366 stura.
440 1302 489 1363 Sic
517 1303 656 1364 videmus
677 1322 694 1362 a
716 1301 837 1363 Christo
859 1312 890 1363 et
912 1303 1064 1383 Apostolis
1086 1301 1189 1364 Mosen
1211 1315 1242 1365 et
1265 1302 1431 1384 Prophetes

298 1408 409 1469 »citari
439 1407 487 1467 vel
515 1415 550 1464 ut
579 1405 719 1465 classicos
747 1416 859 1475 testes,
887 1423 1017 1485 quorum
1046 1408 1174 1488 scripta,
1205 1426 1267 1468 non
1290 1425 1375 1468 secus
1396 1425 1431 1466 ac

296 1511 457 1592 »publicae
479 1507 600 1568 tabulae
623 1507 654 1566 in
676 1507 787 1586 pupulo
806 1505 859 1567 Dei
878 1507 943 1567 sine
961 1509 1165 1570 controversia
1184 1520 1430 1590 agnoscerentur.

296 1613 454 1693 »Apostoli
484 1611 552 1672 viva
581 1626 654 1671 voce
684 1610 816 1689 primum
838 1609 941 1669 testati
964 1619 1051 1678 sunt,
1081 1610 1155 1690 quid
1176 1611 1234 1671 sibi
1255 1611 1431 1672 mandatum

296 1725 394 1776 serat.
437 1713 553 1775 Deinde
581 1712 625 1772 sic
648 1712 744 1772 visum
766 1721 813 1772 est
835 1707 979 1781 Domino,
1005 1723 1040 1772 ut
1062 1731 1179 1774 summa
1200 1715 1432 1793 praedicationis

297 1835 426 1880 »corum
447 1815 560 1876 litteris
581 1812 781 1892 proderetur,
802 1831 864 1893 quo
886 1811 1006 1893 integra
1028 1815 1066 1875 ad
1088 1826 1227 1894 posteros
1248 1818 1431 1896 perueniret.

295 1921 385 1982 »Non
414 1937 518 1981 omnes
547 1917 670 1996 quidem
698 1917 860 1976 conciones
885 1917 923 1977 ad
946 1917 1074 1978 verbum
1096 1929 1240 1999 exceptae
1262 1929 1350 1988 sunt,
1378 1921 1431 1982 sed

296 2025 351 2085 »in
373 2038 520 2084 summam
537 2031 639 2080 temen
658 2017 791 2080 fideliter
809 2019 965 2081 redactum
983 2030 1081 2083 totum
1100 2041 1206 2086 eorum
1225 2031 1431 2110 euangelium,

298 2127 402 2206 »quod
428 2125 465 2186 ad
488 2125 611 2204 plenum
633 2123 770 2184 sufficere
792 2123 880 2184 nobis
901 2126 1076 2208 posset¹¹).''
1118 2126 1163 2188 lix
1184 2130 1274 2192 dictis
1295 2137 1433 2215 sequitur

298 2230 405 2290 eudem
428 2229 516 2308 plane
538 2227 605 2287 loco
625 2233 704 2288 uetes
725 2237 942 2288 testamentum
960 2229 1050 2289 nobis
1065 2225 1239 2294 habendum
1257 2255 1323 2298 esse
1341 2249 1432 2319 atque

298 2332 462 2414 nouum12);
504 2349 585 2411 »qua
604 2331 685 2390 enim
704 2331 762 2391 alia
781 2331 819 2391 de
838 2349 927 2392 eausa
945 2341 977 2392 et
994 2333 1093 2413 legem
1111 2345 1143 2395 at
1159 2339 1331 2419 prophetias
1342 2343 1433 2423 scrip·

298 2437 360 2496 »tis
386 2434 525 2496 mandari
556 2434 653 2494 voluit
677 2434 836 2503 Dominus.
858 2435 917 2494 nisi
939 2445 973 2495 ut
998 2437 1037 2497 ad
1059 2449 1235 2520 perpetuum
1257 2447 1433 2507 memorium

299 2548 454 2600 »crearet
471 2547 555 2598 cene
574 2537 726 2606 doctrina,
745 2556 835 2616 quam
854 2539 940 2619 sequi
959 2557 1063 2602 omnes
1081 2553 1197 2605 aetates
1214 2547 1362 2636 deberent
1372 2548 1433 2632 11).”

299 2641 502 2712 Quamobrem
524 2641 587 2720 ipse
630 2641 785 2721 »providit
803 2642 940 2722 inprimis
959 2641 1055 2714 Deus,
1076 2663 1115 2706 ne
1133 2648 1226 2729 legis,
1248 2671 1337 2730 quum
1356 2655 1433 2715 latu·

300 2765 375 2806 erus
406 2755 487 2815 erat,
519 2745 662 2824 majestas
694 2729 858 2826 aliquando
886 2748 917 2807 in
944 2759 1151 2830 contemptum
1174 2755 1292 2815 veniret
1305 2756 1377 2838 14),”
1399 2766 1434 2818 ut

300 2855 452 2908 »muneret
486 2867 541 2928 per
571 2847 725 2908 Christum
758 2849 941 2911 inviolabilis
974 2849 1064 2932 Legis
1095 2855 1313 2938 doctrine'‘),”
1344 2879 1433 2940 quam

299 2952 427 3013 »eadem
453 2969 573 3031 semper
601 2952 796 3014 veneratione
827 2953 1062 3034 obedientiaque
1084 2977 1100 3017 a
1122 2959 1211 3020 nobis
1233 2962 1343 3042 suscipi
1365 2981 1434 3025 con·

300 3055 405 3119 evenit
418 3055 493 3136 1“);”
522 3073 592 3116 nam
622 3055 703 3135 quod
731 3057 782 3116 alii
808 3057 897 3118 nobis
918 3058 1083 3122 obtrudere
1104 3063 1249 3143 cupiunt,
1295 3067 1434 3128 »axioma

300 3160 361 3220 nde
382 3159 569 3240 perfectione
591 3157 682 3241 Legis
703 3158 921 3241 Euangeliou,
951 3183 1029 3242 quae
1051 3163 1164 3246 Legem
1186 3177 1322 3230 veterem
1343 3171 1435 3252 longo

301 3261 485 3322 »intervallo
524 3271 664 3342 superet,
703 3263 807 3322 multis
837 3264 935 3324 modis
966 3266 1238 3344 perniciosissimus
1258 3271 1318 3352 ''l''
1350 3291 1436 3336 error

301 3362 461 3426 habendus
489 3373 544 3424 cst.
574 3363 628 3424 'lle
650 3365 831 3426 auctoritate
854 3377 956 3428 autem
978 3387 1001 3428 s.
1019 3371 1185 3450 scripturae
1206 3375 1355 3454 copiosius
1375 3379 1435 3439 dis·

301 3485 403 3528 serere
431 3467 684 3546 supersedemus,¹
707 3468 777 3547 quia
806 3487 896 3549 supra
924 3472 983 3532 iam
1006 3475 1175 3536 accuratius
1204 3477 1236 3537 in
1264 3477 1342 3540 hanc
1370 3499 1436 3542 retu

300 3571 534 3651 inquisivimus.
554 3569 607 3634 ubi
636 3580 824 3651 compertum
846 3571 933 3634 bobis
954 3575 1014 3636 luit
1045 3577 1145 3638 »nihil
1166 3582 1290 3642 omnino
1311 3585 1436 3646 ereden-

301 3674 397 3736 sdum
422 3691 503 3741 csse,
532 3673 613 3752 quod
638 3691 700 3734 non
724 3693 900 3754 expressum
926 3678 966 3740 sit
990 3679 1022 3738 in
1045 3699 1066 3740 s.
1089 3682 1238 3762 scripture
1259 3685 1324 3766 ¹⁸),''
1345 3697 1436 3766 atque

330 3853 362 3916 ΙΙ)
383 3852 451 3918 Cous.
469 3869 494 3902 n.
512 3853 580 3902 Eccl.
600 3854 663 3905 Gall.
681 3853 748 3906 Tum.
766 3855 837 3906 VIII.
855 3856 908 3907 ath.

331 3933 418 3996 ¹1)ct
440 3935 498 3986 Aut.
524 3937 592 3995 Cone.
618 3935 683 3985 Ibid.
700 3936 768 3988 Tum.
785 3937 856 3989 VIII.
875 3939 935 3990 280³
953 3941 976 3990 ct
1003 3941 1086 3993 domm.
1109 3945 1135 3994 in
1151 3943 1194 4010 bb.
1216 3945 1251 3996 ad
1264 3945 1338 4000 Hedr.
1356 3949 1390 4002 II.
1408 3951 1436 4012 8,

304 4015 339 4067 ud
351 4015 406 4066 Iud.
429 4016 477 4079 Ep.
496 4029 529 4066 rs.
547 4017 571 4066 9.
594 4016 623 4066 ci.
640 4029 665 4068 e.
683 4030 767 4070 anum.
791 4021 874 4070 desei.
891 4020 934 4071 der
949 4022 1005 4072 lucil.
1023 4024 1122 4091 Schnfl.
1138 4027 1168 4078 N.
1183 4027 1208 4078 Ι.
1225 4027 1262 4079 cd.
1280 4031 1315 4082 δε.
1336 4031 1360 4084 Β.
1378 4033 1435 4084 622.

302 4109 323 4146 ι.
341 4109 368 4147 tt.
385 4109 523 4146 senonens.
541 4098 601 4147 beer
617 4098 661 4150 der
677 4093 751 4150 Hero.
769 4101 844 4150 Kerk.
861 4101 898 4152 etl.
917 4102 952 4153 3³.
969 4119 993 4167 p.
1011 4101 1059 4154 att
1077 4119 1127 4172 sqq.

332 4179 364 4240 1Ι)
381 4179 495 4244 Respons.
513 4183 597 4230 eontra
613 4179 683 4246 Pspt.
701 4181 768 4232 Tum.
785 4181 858 4234 VIII.
874 4200 898 4250 p.
916 4183 986 4236 181².

330 4259 362 4321 ¹⁸)
380 4258 417 4311 lh.
519 4260 551 4322 ¹⁴)
568 4261 632 4312 Inui.
649 4261 685 4314 ΙΙ
704 4263 727 4314 8
746 4264 786 4314 tt.
887 4266 975 4329 ιῑ>11).

328 4339 762 4404 ¹⁶)1t.1⁷)1nt.11.t..t
864 4346 1080 4414 ¹⁸)cr..,.pts

330 4422 361 4485 ¹⁹)
380 4421 450 4476 Adra.
467 4422 502 4474 ad
511 4439 595 4490 praee
612 4426 688 4492 cept.
705 4427 773 4478 Turn.
791 4428 862 4480 vttl.
885 4447 908 4496 p.
930 4431 998 4482 826¹.
1020 4433 1051 4484 ef.
1068 4434 1111 4501 Ep.
1131 4433 1195 4488 Ouio.
1217 4437 1355 4542 (hamul.
1376 4439 1439 4494 Bcil.

300 4503 336 4556 II.
353 4505 377 4558 S
394 4502 436 4568 67)
455 4505 541 4572 Praefi
557 4507 592 4558 ad
607 4509 773 4576 Papoltopenu
790 4510 857 4564 rom.
876 4512 946 4567 VIII.
965 4515 1023 4571 686.
