3240 5100
773 247 833 309 tea

238 445 440 528 alpraetcrea)
461 446 613 509 Ecclesiae
634 448 760 510 libertas
781 448 840 510 hoe
862 451 893 510 in
915 459 1001 530 parte
1024 453 1190 514 constarc”
1220 453 1371 536 debet²⁶);

237 551 327 612 modo
370 552 559 613 »secundum
582 552 706 613 verbum
729 551 783 613 Dei
805 553 843 614 ad
865 554 1096 616 aedificatiouen
1119 554 1373 619 Ecclesiae-iusti·

239 656 470 732 »tuantur²⁷),''
502 676 601 737 neque
634 657 724 718 nimis
751 660 812 719 sint
834 659 1024 741 mercedest).
1079 658 1215 740 Denique
1258 665 1373 725 »semel

239 761 436 830 »institutam
465 762 583 840 quoties
612 761 643 822 id
672 765 835 824 necessitas
864 762 1029 835 Ecclesiae,
1059 767 1107 827 vel
1136 767 1228 828 ctiam
1258 767 1373 827 utilitas

240 865 411 944 »postulem
433 875 653 945 repurgentur,
670 877 846 936 mutentur,
864 878 955 947 atque
974 870 1174 950 corrigantur.
1207 867 1274 930 Nou
1289 871 1373 950 *enim

240 967 395 1029 »Ecclesia
417 970 511 1031 servit
532 970 745 1039 caeremoniis,
767 971 821 1031 sed
842 973 1049 1034 caeremoniae
1071 972 1222 1034 Ecclesiae
1232 972 1296 1054 19).”

502 1175 523 1258 5
545 1176 573 1236 3.
618 1176 869 1240 sacramentorum
889 1179 1111 1240 administratio.

283 1384 416 1444 Primum
437 1383 476 1444 de
498 1383 570 1463 ipsis
591 1386 802 1454 sacramentis,
825 1395 891 1446 tum
912 1386 950 1446 dc
973 1404 1079 1447 eorum
1098 1386 1376 1455 administratione,

242 1505 390 1566 quaenam
412 1486 498 1548 Lasci
519 1487 612 1549 luerit
634 1489 801 1559 sententia,
823 1491 1020 1568 inquiremus.

344 1591 377 1651 Α.
401 1589 607 1652 Sicularum.

284 1715 308 1754 a.
341 1694 390 1754 llo
414 1694 676 1756 Sacramoott's
693 1697 732 1757 im
752 1716 896 1775 pomero.
929 1699 972 1757 l⁰.
997 1695 1246 1758 Sacramomtomom
1266 1703 1374 1757 ametor.

244 1797 360 1858 »Deum
381 1810 568 1861 sacramenta
587 1812 741 1862 auctorem
756 1801 870 1862 habent
883 1801 904 1883 ¹)
912 1801 941 1871 ,''
961 1802 1030 1880 quia
1047 1801 1231 1861 tamen'iudc
1244 1802 1378 1862 emundi

246 1904 363 1982 origine
392 1901 469 1964 Filio
497 1923 552 1964 suo
581 1903 732 1966 Ecclesiae
757 1907 918 1986 imperium
946 1906 1073 1966 tradidit
1098 1902 1192 1972 Deus,
1222 1903 1380 1964 aChristo

244 2021 364 2084 quoquc
393 2007 533 2067 instituta
563 2027 628 2069 esse
657 2009 849 2088 dicuntur²),
892 2009 1026 2069 »socwel
1054 2009 1085 2068 in
1115 2008 1139 2067 't
1168 2007 1247 2068 oude
1269 2008 1312 2067 als
1333 2009 1380 2068 int

245 2111 388 2170 »nieuwc
415 2111 543 2172 verbont
557 2111 606 2194 1).”
648 2112 749 2173 »Sunt
770 2114 865 2194 igitur
887 2122 1074 2173 sacramenta
1095 2112 1176 2172 intra
1198 2110 1283 2171 verbi
1305 2111 1380 2172 diri-

246 2213 299 2272 oni
332 2213 408 2274 lines
440 2216 623 2276 continenda
651 2235 690 2276 ne
719 2217 860 2276 humanis
888 2217 1013 2276 fallaciis
1042 2214 1318 2295 profanentur⁴);’'
1348 2223 1380 2274 ct

246 2311 359 2378 diserta
402 2319 625 2398 »requiruntur
653 2319 739 2380 verbi
768 2319 823 2380 llci
852 2320 1025 2380 testimonia
1054 2318 1092 2378 dc
1122 2319 1225 2397 signo,
1258 2317 1296 2376 de
1318 2335 1382 2396 my·

248 2422 363 2480 »sterio
385 2422 483 2500 deque
506 2421 686 2503 1111991-
704 2424 746 2482 2⁰.
767 2423 910 2503 Definitio.
940 2421 1190 2482 »Sacramentum
1213 2429 1259 2480 est
1280 2419 1383 2480 divina

249 2549 262 2576 »
273 2525 439 2594 ordinatio,
468 2545 562 2605 quae,
590 2527 621 2585 in
649 2527 820 2588 ministerio
848 2526 1056 2587 Ecclesiastico
1085 2525 1182 2604 posita
1211 2523 1253 2582 sic
1281 2533 1316 2582 ut
1345 2523 1383 2583 ad

250 2637 366 2689 »totam
388 2627 553 2690 Ecclesiam
577 2630 682 2690 ordine
705 2631 872 2710 pertineat,
892 2630 986 2690 habet
1004 2647 1093 2689 suum
1111 2629 1231 2708 signum
1247 2626 1381 2695 visibile,

251 2741 430 2794 »externam
453 2734 511 2794 vid.
535 2753 551 2794 a
575 2732 702 2794 Domino
724 2736 894 2794 institutam
916 2734 1058 2802 sormam3
1081 2743 1112 2792 ct
1134 2749 1222 2790 suum
1243 2729 1318 2789 item
1338 2730 1383 2788 in·

250 2833 390 2897 »visibile
412 2839 592 2917 mysterium
614 2848 736 2900 nostrae
759 2858 827 2899 oum
851 2837 978 2898 Domino
1000 2837 1087 2898 nobis
1105 2837 1234 2897 donatae
1253 2851 1383 2893 commu·
1452 2853 1454 2858 ¹

250 2939 371 3000 »nionis
400 2940 431 2999 iu
460 2957 586 3020 corpore
615 2961 649 3002 ac
677 2943 824 3022 sanguine
850 2943 959 3028 ipsius,
986 2951 1020 3001 ut
1048 2939 1139 3000 fidem
1166 2937 1249 2999 illius
1274 2935 1382 2996 animis

251 3042 390 3121 »piorum
419 3043 541 3124 inligat,
568 3055 722 3125 totamque
745 3047 822 3106 adeo
843 3044 1007 3105 Ecclesiam
1029 3043 1061 3102 in
1082 3041 1142 3102 fido
1164 3051 1255 3120 atque
1277 3057 1382 3120 perpe·

250 3155 325 3206 »tua
354 3147 435 3208 illius
463 3148 620 3209 iunctione
649 3150 691 3210 ita
721 3150 876 3230 obsignet,
905 3159 940 3208 ut
966 3166 1036 3207 vere
1058 3157 1089 3206 et
1111 3165 1149 3206 ex
1170 3144 1270 3204 animo
1292 3145 1324 3203 in
1346 3161 1382 3202 ea

251 3253 465 3330 »conquiescat
483 3254 684 3314 eonscientiae
703 3271 775 3312 suae
794 3254 853 3312 iam
871 3249 1044 3331 pacificatae
1065 3247 1238 3308 testimonio
1253 3257 1284 3306 et
1296 3245 1383 3306 affec·

250 3364 359 3416 »tuum
387 3357 583 3418 innovatione
612 3357 694 3417 illam
724 3356 949 3435 officiorumque
982 3353 1145 3413 sedulitate
1173 3351 1322 3430 exprimat
1351 3359 1382 3409 et

279 3681 310 3743 2ὅ)
328 3681 373 3745 Ep.
391 3679 468 3730 dedic.
486 3678 512 3728 in
528 3679 614 3729 Forma
631 3694 661 3728 ac
677 3683 724 3728 rol.
742 3678 798 3726 mim.
816 3677 890 3728 Lond.
908 3693 932 3741 p.
951 3675 994 3734 245
1013 3673 1058 3739 ipo.
1076 3670 1119 3722 tib.
1136 3688 1160 3737 p.
1179 3671 1234 3721 142.

278 3763 310 3826 27)
328 3763 375 3812 11³.
393 3763 474 3828 Soppd.
492 3762 526 3812 ad
541 3779 589 3826 rep.
607 3763 671 3812 Dan.
693 3761 778 3825 (simpl.
798 3775 828 3809 ao
840 3760 888 3825 Jid.
908 3775 974 3809 narr.
995 3773 1018 3821 p.
1038 3757 1099 3818 44.).
1117 3755 1204 3806 Forma
1223 3757 1312 3804 acroi.
1326 3756 1382 3806 mia.

248 3845 323 3896 Lond.
340 3842 364 3910 p'.
382 3847 442 3906 140,
462 3846 518 3896 145.

278 3927 370 3993 18)]1).
393 3929 427 3980 ad
450 3930 512 3978 Pell.
537 3929 596 3990 (Sor.
616 3931 666 3978 aad.
686 3927 720 3976 11,
739 3927 774 3975 1³.
798 3925 874 3986 532).
890 3924 934 3988 Ep.
951 3923 986 3973 ad
1001 3921 1052 3972 ord.
1069 3921 1123 3971 Pol.
1146 3918 1187 3980 (ib.
1204 3917 1239 3968 II.
1258 3918 1293 3969 2⁰.
1311 3918 1388 3984 719).

252 4013 330 4062 licet.
348 4012 378 4061 de
395 4013 499 4064 Sacram.
517 4029 540 4077 p.
560 4010 628 4061 103³.

278 4097 309 4158 29)
328 4095 374 4146 11³.
393 4097 475 4160 Suppl.
496 4096 530 4144 ad
550 4096 612 4144 Dan.
631 4110 681 4158 rep.
702 4094 732 4155 (o.
750 4091 768 4141 1.
786 4107 809 4155 p.
826 4091 876 4152 44.)
901 4091 948 4152 Ep.
968 4086 1046 4137 dedic.
1067 4083 1092 4136 in
1113 4085 1199 4135 Forma
1216 4099 1246 4134 ac
1262 4087 1309 4135 rai.
1327 4084 1382 4134 min.

250 4178 325 4228 lond.
342 4194 365 4241 p.
384 4178 415 4226 23
422 4197 428 4235 ;
447 4177 492 4241 ips.
509 4173 553 4224 lib.
570 4191 594 4240 p.
613 4176 656 4234 19,
675 4174 714 4224 20.

290 4261 310 4323 ι)
331 4261 409 4310 llari.
427 4260 457 4308 de
474 4260 579 4308 Sacram.
596 4273 621 4320 p.
639 4258 691 4306 81¹¹.
709 4255 747 4307 Ol.
764 4254 797 4304 ib.
815 4253 852 4304 3b.
871 4250 924 4304 tel.

290 4343 310 4402 ²)
330 4341 365 4390 lb.
386 4358 410 4406 p.
428 4339 481 4392 aab.
499 4339 535 4390 cf.
553 4341 639 4389 Forma
659 4354 689 4388 ao
708 4342 755 4388 rat.
776 4338 832 4386 mio.
852 4335 928 4386 Lond.
946 4351 971 4400 p.
989 4333 1045 4386 179.

290 4425 312 4486 3)
332 4423 385 4476 Col.
403 4421 478 4473 Laod.
497 4422 552 4472 mai.
570 4438 593 4485 p.
612 4421 651 4470 93.
753 4420 773 4481 ⁴)
793 4419 871 4469 Praei.
889 4431 919 4467 ac
936 4417 1040 4467 Sacram.
1059 4429 1082 4478 p.
1101 4413 1154 4463 leb.

290 4507 309 4570 ⁵)
329 4505 365 4558 lb.
383 4522 406 4570 p.
427 4503 479 4557 63¹1.
499 4503 535 4553 Cl.
555 4503 587 4553 ib.
605 4520 628 4568 p.
647 4503 691 4557 172
709 4505 733 4551 et
750 4503 824 4568 Para.
842 4501 898 4552 mim.
916 4498 1028 4564 Framaof.
1047 4513 1070 4563 p.
1090 4497 1129 4548 21.
