3228 5102
754 306 807 366 77Ι

207 507 281 585 »qui
304 506 374 568 fidei
387 509 534 568 unitatem
546 508 684 568 scindere
697 506 903 589 cuperent0).”
936 507 1046 568 Contra
1059 509 1268 588 gravissimum
1279 527 1339 568 ma·

207 611 374 690 »gistratus
389 612 520 672 officium
538 624 600 682 est,
626 614 727 692 gladio
745 624 776 673 et
798 613 903 693 poenis
918 615 1073 681 coercere,
1095 613 1160 692 qui,
1179 633 1271 691 quum
1284 613 1339 692 ipsi

205 716 289 776 »sint
307 727 459 796 apostatae
478 737 494 777 a
514 728 596 777 recta
616 716 691 784 lide,
714 718 788 778 alios
800 717 837 778 ad
849 717 1051 778 delectionem
1063 717 1242 785 sollicitant,
1264 717 1338 778 etin

205 817 321 880 »Deum
343 822 552 882 contumeliosi
574 822 699 882 miseras
721 822 835 882 animas
857 821 1022 900 illaqueant
1044 821 1105 880 suis
1126 820 1267 888 fallaciis,
1289 839 1337 899 pa·

206 943 291 984 »cem
313 925 497 986 conturbant
519 925 669 986 Ecclesiae
692 937 723 986 et
745 927 866 1005 pietatis
888 944 1066 986 consensum
1086 924 1227 984 scindunt
1248 943 1281 984 ac
1297 924 1337 984 la·

204 1037 331 1090 acerant
349 1029 398 1111 ⁷).''
441 1028 547 1090 Melius
565 1032 673 1099 etiam,
691 1049 780 1110 quum
797 1032 829 1090 in
846 1029 945 1090 verbis
964 1031 1038 1098 illis,
1057 1030 1122 1089 eius
1141 1047 1211 1108 erga
1224 1028 1337 1088 dissen-

204 1132 315 1192 tientes
336 1135 518 1195 sententiam
541 1155 578 1194 ex
607 1154 707 1195 amara
736 1135 900 1196 edocemur
926 1134 1123 1214 inscriptione
1146 1133 1211 1193 eius
1232 1142 1336 1192 contra

203 1233 362 1298 Servetum
391 1248 551 1299 tractatus:
584 1239 655 1300 »ott
681 1239 797 1300 docetur
825 1236 982 1298 ltaereticos
1009 1237 1072 1297 iure
1096 1235 1190 1314 9222222
1210 1253 1362 1296 coerceo-2

203 1339 275 1400 »dos
295 1359 355 1400 esso
372 1341 421 1423 ⁸).'’

413 1549 434 1631 §
456 1551 483 1610 2.
526 1549 674 1612 Ecclesiae
695 1567 765 1630 erpo
786 1550 988 1630 magistratum
1008 1549 1119 1610 relatio.

242 1751 297 1812 »ln
319 1756 428 1835 politia*
445 1756 522 1817 bene
545 1759 709 1838 composita
731 1758 912 1838 principium
942 1766 1044 1817 teneat
1069 1757 1177 1837 religio
1198 1754 1252 1837 ’),“’
1280 1755 1334 1816 sed

199 1853 292 1916 hahet
310 1867 411 1919 tamen
430 1861 528 1920 civilis
545 1880 666 1940 quoquc
686 1862 859 1922 oeconomia
878 1870 993 1922 tantam
1012 1860 1192 1928 utilitatem,
1213 1869 1248 1918 ut
1276 1859 1334 1920 »dc

199 1977 257 2019 »ca
279 1963 508 2024 exterminanda
530 1966 681 2045 cogitare,
703 1966 841 2026 immanis
862 1975 943 2026 esset
964 1964 1133 2025 barbaries:
1155 1963 1241 2024 cuius
1262 1981 1335 2024 usus

199 2061 303 2123 »inter
323 2063 461 2128 homines
482 2086 544 2128 non
566 2070 681 2135 minor.
703 2079 792 2148 quam
815 2070 914 2149 panis,
936 2087 1047 2147 aquae,
1074 2068 1159 2137 solis,
1188 2078 1219 2128 et
1240 2068 1334 2138 airis,

199 2166 354 2246 »dignitas
376 2171 499 2250 quidem
517 2173 614 2232 multo
632 2173 836 2252 praestantior
853 2181 899 2233 est
911 2170 959 2252 ²).''
992 2169 1111 2231 Etenim
1123 2171 1334 2251 magistratus,

197 2269 236 2330 de
264 2290 394 2350 quorum
421 2295 548 2336 munere
578 2277 615 2337 ad
645 2275 730 2338 verbi
760 2275 814 2336 Dei
843 2275 984 2335 amussim
1012 2275 1208 2335 iudicandum
1233 2284 1279 2334 est
1298 2274 1333 2355 ³),

197 2375 308 2454 populo
340 2375 417 2438 »Dei
439 2381 582 2440 mundato
604 2390 748 2461 praesunt
768 2379 823 2461 1),”
852 2378 906 2438 Dei
932 2387 1004 2438 sunt
1025 2379 1129 2439 vicarii
1149 2378 1171 2460 ⁸)
1199 2387 1231 2437 et
1256 2377 1333 2438 veri·

196 2478 268 2537 tatis
291 2497 403 2559 organo
420 2480 452 2562 ⁸).
496 2481 629 2544 »Eorum
658 2485 776 2544 vocatio
805 2501 905 2544 coram
931 2479 993 2542 Deo
1015 2492 1118 2543 sancta
1140 2491 1186 2542 est
1207 2492 1239 2543 et
1259 2481 1332 2562 legi·

196 2582 293 2642 »tima
311 2585 371 2664 ²);”
405 2603 487 2646 »non
509 2587 591 2648 enim
612 2587 672 2648 huc
694 2597 810 2668 spectat
832 2589 944 2656 solum,
971 2596 1006 2647 ut
1034 2587 1151 2666 spirent
1176 2586 1330 2655 homines.

197 2686 328 2757 sedant,
350 2687 472 2760 bibant,
495 2691 669 2752 foveantur:
692 2692 744 2752 sed
767 2711 805 2752 ne
827 2691 1014 2759 idololatria,
1035 2709 1074 2750 ne
1093 2692 1124 2750 in
1144 2689 1198 2751 llei
1220 2709 1331 2752 nomen

195 2787 436 2870 »blasphemiam
457 2794 594 2874 aliaeque
609 2796 765 2876 religionis
781 2795 962 2856 offensiones
976 2793 1095 2874 publice
1113 2805 1270 2874 emergant
1281 2793 1331 2876 ⁸).''

195 2881 559 2976 »Magistratus'quoque
589 2899 685 2959 ollioia
714 2899 885 2960 extendunt
911 2917 976 2959 sese
998 2898 1036 2958 ad
1057 2908 1217 2978 utramque
1240 2895 1330 2977 Legis

194 2995 351 3056 »tabulam
368 2998 426 3080 ⁹),’'
448 3009 479 3060 et
501 3002 646 3063 stolidum
669 3013 749 3064 esset
771 3003 971 3073 contendero,
1004 3021 1078 3064 »eos
1107 3003 1245 3083 neglecta
1274 3001 1328 3062 lJei

193 3117 287 3160 »eura
320 3101 380 3162 iuri
413 3103 494 3165 inter
522 3105 661 3168 homines
692 3107 826 3168 dicundo
859 3116 976 3168 tantum
1009 3125 1073 3168 esse
1106 3107 1240 3168 intentos
1262 3105 1327 3187 ¹⁰).'’

231 3337 251 3400 6)
269 3339 324 3404 Res.
341 3355 388 3391 err.
403 3342 439 3392 Μ.
457 3343 555 3395 6222222.
571 3343 637 3394 Tum.
655 3345 726 3396 VIII.
744 3346 812 3397 5161.

231 3415 251 3482 ⁷)
271 3417 307 3470 Ib.
324 3421 390 3474 Tum.
407 3421 477 3474 VIII.
497 3425 564 3476 5131.
582 3425 612 3476 cl.
630 3427 715 3492 Praef.
732 3427 758 3476 22
780 3428 841 3478 Dan.
860 3427 902 3478 IV.
924 3426 953 3486 1,
970 3427 1036 3478 Tum.
1054 3426 1095 3477 21.
1114 3427 1165 3478 tta.
1191 3431 1275 3484 Oomm.
1293 3434 1328 3484 22

191 3501 253 3552 Aeta
270 3502 313 3552 IX.
331 3503 371 3554 22.

230 3581 250 3645 ⁸)
269 3581 306 3634 Ib.
320 3585 374 3634 vide
387 3586 489 3636 titulum
501 3589 567 3640 Tum.
576 3589 647 3641 VIII.
663 3592 719 3642 510.
789 3592 807 3655 ¹)
828 3593 883 3658 Ref.
897 3593 993 3644 22212.
1009 3593 1076 3644 Sero.
1090 3593 1156 3645 Tom.
1171 3595 1241 3646 VIII.
1254 3597 1322 3648 5151.

230 3664 250 3727 ²)
270 3668 330 3715 [nrt.
348 3665 390 3718 IV.
409 3668 448 3718 20.
467 3669 490 3720 3,
508 3670 537 3720 cs.
555 3669 597 3722 IV.
615 3673 655 3722 20.
675 3673 1130 3726 2222222212.22222022111.
1148 3676 1218 3727 3641.

229 3745 249 3808 ³)
267 3747 328 3798 Inat
350 3747 392 3799 IV.
417 3749 456 3802 20.
478 3750 501 3805 7.
520 3751 555 3802 Ol.
577 3752 619 3803 IV.
639 3753 679 3804 20.
697 3757 724 3813 4,
743 3755 771 3816 0,
790 3757 833 3818 14,
853 3757 892 3808 25.
913 3757 986 3808 12222.
1004 3757 1147 3809 22122222
1165 3759 1231 3811 Tum.
1249 3759 1321 3812 VIlI.

189 3827 258 3878 0651.
277 3830 332 3895 Bes.
349 3849 397 3884 err.
413 3833 451 3884 M.
466 3835 530 3885 Serv
548 3834 616 3885 I'om.
632 3835 705 3887 VIII.
724 3836 789 3887 5151.
920 3877 922 3882 ,

228 3912 249 3975 ⁴)
269 3914 353 3964 Oomm.
371 3914 497 3967 alee.
515 3917 549 3966 II.
569 3917 608 3968 14.
711 3918 804 3982 5)
749 3920 810 3971 Im
828 3920 871 3972 IV.
889 3919 929 3971 20
948 3920 970 3972 0.
989 3920 1018 3970 cl.
1037 3920 1080 3972 IV.
1098 3920 1138 3973 20
1156 3921 1179 3971 6

229 3996 387 4057 0122212.
406 3998 446 4047 20.
464 3999 487 4050 6
505 4000 535 4048 cl.
552 3999 595 4050 IV.
614 3999 654 4049 20.
672 3999 712 4050 25.

227 4075 247 4140 ’)
265 4078 326 4128 1222.
309 4079 386 4130 212.
405 4079 485 4132 204.
503 4081 532 4133 cl.
550 4083 659 4132 Praei.
649 4099 675 4132 m
691 4083 803 4136 Hereum.
821 4084 891 4136 XIII.
909 4085 933 4134 l.

227 4156 247 4221 Β)
265 4159 347 4224 112222.
364 4177 410 4211 err.
428 4163 463 4212 Μ.
483 4163 550 4214 Sero.
568 4164 634 4213 Tom.
648 4162 718 4217 VIII.
738 4166 805 4216 5151.
823 4167 852 4216 cl.
870 4167 939 4216 Hom.
956 4166 982 4216 22
1000 4166 1014 4214 1
1033 4165 1096 4216 Sam.
1113 4165 1232 4218 Tum..II.
1246 4169 1320 4230 Il2b‚

189 4239 698 4305 1121731,1721723622222
736 4248 762 4296 in
779 4249 869 4297 Paalm
889 4247 924 4297 11.
944 4249 985 4308 10,
1001 4248 1087 4298 XXIX.
1107 4250 1133 4310 1,
1152 4249 1273 4301 LXXXII.
1292 4251 1321 4312 3,

187 4319 228 4372 01.
253 4324 280 4382 5,
304 4322 367 4373 CVI
386 4325 426 4374 34.
447 4326 574 4400 &pumirs
593 4329 811 4388 12222221114,
831 4330 944 4389 1:3‚xtt
963 4331 1006 4391 20,
1025 4331 1103 4383 XXII.
1123 4333 1165 4392 21,
1183 4334 1227 4394 24,
1246 4334 1319 4385 XXX.

187 4402 227 4452 22.
245 4405 354 4454 Ρναεί.ι
345 4423 369 4454 m
386 4407 460 4456 111222.
481 4405 530 4458 III.
549 4408 588 4459 12.
608 4411 726 4462 02222
715 4428 742 4461 m
762 4411 821 4462 Luc.
843 4411 908 4462 XIV.
931 4411 971 4462 28.
988 4413 1055 4464 Tum.
1073 4413 1120 4463 121
1142 4414 1321 4466 16420222.

185 4484 212 4534 a'n
233 4486 302 4535 Acta.
325 4487 418 4537 XVIII.
441 4488 481 4540 12.

226 4565 486 4630 omnmo
588 4571 674 4636 mn.
