3228 5102
836 265 857 327 2

278 456 433 520 notionem
466 461 586 542 proprie
619 465 788 543 pertinent,
822 465 875 526 sed
907 465 939 524 in
970 465 1036 525 aliis
1063 465 1137 525 locis
1166 472 1267 523 tamen
1297 460 1417 521 silentio

278 563 481 640 praetermitti
510 583 570 626 non
594 576 750 645 poterant,
779 568 810 627 in
836 567 1087 648 praecedentibus
1109 586 1163 647 pro
1184 585 1218 628 re
1240 575 1311 625 nata
1333 582 1417 624 accu-

279 665 375 725 ratius
407 685 554 747 expensa,
586 669 617 729 in
650 671 717 730 loco
749 671 787 732 de
820 670 952 732 Ecclesia
983 681 1035 732 aut
1069 672 1204 732 omiserit
1233 671 1337 749 plane,
1365 675 1418 726 aut

279 767 373 828 uerbo
392 772 602 832 tantummodo
621 773 766 852 attigerit.
799 773 914 835 Rursus
932 776 964 835 in
984 775 1039 834 lV⁰
1068 771 1318 835 »iustitutionis'
1339 770 1417 831 libro

278 869 361 931 haud
389 893 483 953 pauca
512 887 721 956 exponuntur,
750 897 828 956 quae
857 879 895 939 ad
920 877 1084 940 Ecclesiam
1106 878 1184 938 nihil
1205 893 1328 956 prorsus
1349 873 1417 932 atti·

278 985 370 1046 nent,
392 986 561 1047 ettamen,
587 979 619 1039 in
641 980 819 1060 compendio
845 980 939 1040 totius
968 981 1078 1060 quippe
1107 979 1263 1059 religionis
1285 993 1418 1036 necessa-

279 1077 341 1148 ria,
362 1080 471 1142 nullibi
493 1081 637 1144 idoneum
658 1084 755 1164 magis
776 1085 877 1144 locum
896 1084 1042 1164 expiscari
1061 1083 1117 1144 sibi
1137 1089 1308 1163 potuerant.
1341 1077 1418 1138 Sunt

280 1199 401 1261 quoque
419 1183 502 1246 haud
520 1196 581 1246 tam
594 1187 704 1267 exiguo
716 1206 843 1248 numero
855 1206 914 1257 res,
945 1188 983 1248 ad
995 1185 1238 1266 Ecclesiolcgiam
1250 1182 1419 1244 necessarie

279 1285 485 1362 pertinentes,
522 1308 596 1367 quas
619 1290 650 1350 in
682 1290 926 1351 »Institutione’'
949 1309 1002 1350 sua
1028 1290 1138 1369 carpsit
1164 1289 1264 1369 pctius
1286 1287 1419 1348 uelutis

279 1385 391 1459 latere,
421 1409 510 1470 quam
539 1392 677 1454 lunditus
698 1395 848 1464 exorrssit;
876 1394 913 1456 de
936 1393 1142 1474 quibusergo
1164 1392 1282 1472 plenior
1304 1388 1419 1449 Caluini

279 1493 431 1554 sententia
461 1496 592 1574 petenda
621 1508 686 1558 erat
716 1498 847 1558 aliunde.
890 1495 993 1557 Omnis
1022 1515 1112 1578 porro
1134 1496 1185 1556 illa
1212 1494 1343 1555 »Christ
1365 1493 1419 1552 rel.

279 1592 458 1656 institutio''
486 1610 596 1661 natura
625 1619 679 1661 sna
708 1603 859 1662 invectiva
881 1611 927 1661 est
949 1611 1040 1680 atque
1063 1600 1209 1680 polemica
1230 1597 1418 1664 lucubratio,

279 1716 356 1776 quae
386 1699 457 1762 hinc
475 1701 695 1775 Romanenses,
725 1706 764 1766 ab
792 1707 886 1766 altera
912 1715 997 1786 parte
1020 1705 1097 1784 petit
1119 1703 1340 1782 Anabaptistas.
1367 1696 1418 1760 lVi

278 1805 457 1880 praesertim
485 1804 577 1865 huius
600 1807 699 1886 operis
724 1806 794 1866 libri
817 1807 894 1866 bona
917 1825 985 1886 pars
1007 1805 1142 1866 conserta
1165 1815 1211 1865 est
1233 1803 1351 1883 ingenti
1372 1820 1418 1862 ar·

279 1916 494 1984 gumentcrum
516 1911 617 1988 copia,
640 1929 718 1989 quae
740 1910 848 1970 sedulo
869 1919 974 1970 contra
997 1909 1184 1970 aduersarios
1209 1925 1279 1967 snos
1300 1924 1418 1966 coacer-

278 2011 361 2070 vavit
389 2021 510 2080 noster,
539 2012 620 2073 unde
650 2023 752 2073 tamen
781 2014 846 2073 eius
875 2012 913 2073 de
943 2011 1073 2073 Ecclesia
1097 2013 1266 2072 sententiae
1289 2009 1419 2070 nihilum

278 2111 343 2172 lere
371 2114 447 2175 lucis
477 2115 612 2196 affulget.
660 2116 801 2186 Accedit,
829 2118 912 2196 qucd
941 2118 973 2177 in
1002 2117 1225 2196 comparatione
1247 2131 1419 2181 versamur,

279 2235 356 2296 quae
385 2219 538 2298 postulare
567 2219 703 2290 uidetur,
733 2231 768 2280 ct
789 2230 1008 2300 quantumpote
1031 2220 1191 2298 utriusque
1213 2217 1420 2279 reformatoris

279 2323 431 2381 sententia
461 2322 567 2382 eodem
592 2325 711 2402 pariter
740 2325 846 2384 ordine
877 2324 1024 2384 tradatur.
1074 2322 1211 2402 lienique
1241 2341 1297 2382 nos
1324 2321 1420 2380 movit

278 2424 509 2505 plerorumque,
532 2427 583 2506 qui
606 2427 644 2487 de
656 2427 771 2488 Caluini
785 2427 997 2506 Ecclesiologia
1011 2427 1212 2506 scripserunt,
1234 2425 1421 2504 exemplum,

281 2527 334 2606 qui
360 2546 480 2599 omnes,
509 2530 535 2594 si
561 2549 656 2596 unum
685 2530 811 2592 nriursnn
834 2532 978 2610 excipies,
1006 2547 1092 2592 suain
1114 2531 1241 2609 quisque
1263 2529 1321 2591 sibi
1343 2529 1422 2590 uiam

281 2631 313 2691 in
339 2631 499 2695 scribendo
520 2635 726 2699 muniuerunt.
764 2635 804 2697 At
826 2636 874 2696 uel
897 2635 939 2696 sic
961 2645 1063 2697 tamen
1086 2653 1176 2696 curae
1199 2633 1286 2695 nobis
1308 2631 1366 2698 tuit
1389 2649 1423 2692 ac

283 2735 497 2805 sollicitudini,
518 2746 553 2796 ut
574 2738 707 2817 pressius
728 2739 836 2807 ctiam,
865 2756 954 2816 quam
977 2738 1039 2806 illi,
1064 2738 1159 2817 ipsius
1180 2736 1294 2798 Caluini
1317 2753 1422 2814 seque·

283 2857 387 2900 remur
415 2841 555 2924 uestigia,
577 2852 728 2920 quatenus
756 2843 824 2903 illos
845 2861 966 2921 quoque
989 2841 1090 2902 uarice
1112 2841 1337 2920 impediverunt
1359 2857 1424 2908 res,

284 2961 362 3028 quae
383 2943 460 3004 nilril
480 2961 536 3006 nos
556 2947 668 3008 merari
689 2955 839 3025 poterant.
883 2944 998 3014 Quibus
1025 2944 1164 3006 omnibus
1187 2944 1246 3004 rite
1269 2943 1424 3022 perpensis

285 3063 348 3118 non
376 3057 438 3116 est,
471 3047 552 3126 quod
581 3066 743 3127 augemur,
771 3066 810 3107 ne
839 3046 885 3106 uti
913 3046 1088 3126 disputandi
1110 3055 1213 3109 nostra
1235 3045 1315 3109 ratio
1336 3065 1425 3108 uerae

287 3159 319 3212 et
352 3149 519 3214 obiectivac
552 3149 667 3213 Caluini
706 3152 878 3215 sentcntiae
918 3150 1101 3231 expositioni
1132 3149 1243 3216 inserat
1275 3151 1426 3214 iniuriam.

287 3251 449 3316 Nonnullis
475 3256 570 3336 igitur
598 3256 771 3336 praemissis
798 3256 836 3316 de
865 3256 1016 3324 sontibus,
1045 3254 1128 3317 unde
1156 3252 1307 3317 Ecclesiae
1328 3254 1426 3316 notio·

287 3376 359 3420 nem
385 3358 586 3424 hauriendam
612 3379 678 3420 esse
704 3360 846 3420 statuerit
873 3359 1029 3426 Caluinus,
1055 3368 1090 3421 ut
1119 3368 1150 3424 et
1176 3358 1214 3418 de
1237 3355 1389 3422 Ecclesiae
1410 3377 1426 3422 c

289 3471 393 3526 ruente
415 3463 508 3543 ipsius
531 3464 646 3544 origine
669 3473 760 3542 atque
782 3463 925 3532 historia,
955 3462 1062 3524 ordine
1085 3463 1205 3526 dicetur
1224 3461 1260 3520 de
1281 3461 1429 3524 Ecclesiae

289 3565 403 3628 cretione
431 3566 581 3646 primum,
609 3574 675 3626 turn
700 3565 736 3624 de
755 3563 803 3624 oio
827 3581 862 3624 ee
889 3563 1018 3634 ratione,
1050 3563 1152 3642 quibos
1174 3570 1318 3642 operetur,
1340 3574 1371 3626 et
1393 3565 1428 3627 de

290 3668 430 3750 sepimine
464 3669 672 3738 ecclesiastem·
701 3669 834 3747 denique
866 3667 901 3728 dc
928 3667 1069 3732 relatione
1097 3665 1246 3730 Ecclesiae
1275 3668 1315 3731 ed
1346 3667 1428 3730 clins.

291 3771 395 3854 Neque
427 3773 478 3838 bic
509 3783 611 3838 tamen
643 3771 870 3835 subsistendum
903 3771 993 3832 nobis
1018 3769 1195 3838 uidebatur,
1227 3780 1262 3834 ut
1291 3771 1429 3836 funditus

292 3874 408 3940 Caluini
430 3877 468 3938 de
490 3875 623 3938 Ecclesia
641 3886 902 3956 perscrutaremur
924 3873 1122 3941 sententiam
1144 3873 1274 3943 etenim,
1297 3873 1430 3938 Ecclesia

293 3981 391 4062 qualis
421 4000 439 4041 e
471 3981 591 4060 scriptis
622 3979 737 4042 Caluini
769 3977 978 4057 cognoscitur,
1017 3974 1120 4040 differt
1152 3976 1291 4040 nonnihil
1324 3979 1363 4041 ab
1394 3998 1429 4039 ea

292 4082 541 4164 transaquas
564 4083 694 4146 Generis
714 4082 772 4145 sub
793 4081 887 4142 ductu
909 4080 976 4142 eius
997 4088 1088 4157 atquc
1111 4079 1251 4158 auspiciis
1262 4080 1430 4145 instaurata

292 4187 365 4260 suit;
394 4207 489 4268 quare
517 4189 549 4248 in
575 4189 679 4268 primis
708 4204 816 4266 operae
845 4183 979 4264 pretium
1005 4182 1182 4253 habuimus,
1211 4181 1326 4246 Caluini
1347 4203 1430 4246 men·

292 4303 371 4362 tem,
392 4292 490 4371 qualis
511 4291 543 4350 in
565 4289 656 4351 huius
678 4287 829 4354 Ecclesiae
851 4286 1025 4352 conditione
1055 4304 1120 4348 sese
1149 4286 1267 4367 prodit,
1289 4287 1430 4367 paucissi

290 4399 349 4462 mis
370 4397 531 4464 illustrare
562 4391 606 4456 lle
628 4389 762 4460 Ecclesia
775 4388 902 4459 Gallica,
925 4387 1060 4460 Sectica,
1080 4391 1193 4471 patria,
1212 4391 1339 4474 quaeat
1351 4393 1432 4464 aliis,

291 4516 356 4563 non
383 4505 487 4568 numm
514 4493 552 4565 ab
580 4493 646 4574 ipso
674 4491 801 4565 cnunc
826 4493 951 4564 luerunt
980 4495 1157 4569 ordinatae,
1183 4513 1248 4570 non
1266 4505 1330 4569 cst,
1351 4497 1433 4579 quod
