3240 5100
807 289 867 349 lau

274 496 406 557 soeielele
431 492 605 572 primarium
637 491 728 552 leonae
749 496 903 570 oeenponl,
927 490 995 550 dnm
1016 487 1182 548 arctissimo
1203 486 1322 547 iaeaieene
1343 505 1407 546 cou-

272 596 416 657 ianclione
436 593 591 654 cooelaenoli
610 593 812 671 pronissimam
840 592 895 653 elii
918 610 972 670 pre
994 591 1064 650 eliis
1091 597 1220 650 meleone
1247 589 1406 668 suscipiant

272 698 508 765 sollicitudinem,
537 715 625 776 neque
649 698 682 758 in
704 716 733 756 se
753 696 837 756 otiosi
858 703 884 756 el
905 696 1030 756 oliorum
1052 713 1149 754 amem
1171 693 1309 753 incuriosi
1330 692 1405 771 quie·

272 811 331 864 loen
359 802 447 862 uilem
474 808 579 876 aponi,
609 800 657 860 sed
684 818 745 860 nne
773 819 836 860 cnm
864 798 1012 859 Ecclesiae
1039 797 1182 858 ministris
1209 796 1260 856 loli
1287 803 1353 856 sunl
1374 795 1405 855 in

272 905 378 966 luendo
407 923 442 964 uc
463 904 654 982 promouendo
683 903 831 964 Ecclesiae
860 903 1006 969 sociande,
1035 920 1120 980 qoem
1154 900 1318 979 propellant
1345 917 1405 959 nin-

270 1009 348 1070 ocime
370 1016 395 1068 el
416 1008 444 1068 oi
469 1007 501 1068 in
519 1008 646 1086 ecemple
668 1008 764 1086 pesilo
782 1015 947 1086 propoponl
969 1014 1028 1066 luen
1050 1012 1150 1066 scescle
1173 1005 1312 1064 socierum
1331 1003 1404 1072 uile,

271 1121 331 1174 luno
362 1119 462 1172 enulae
498 1111 656 1170 adinvicem
692 1111 799 1180 canoris
836 1109 1013 1190 proeslalio,
1046 1116 1105 1169 leem
1136 1108 1255 1168 assideo
1286 1107 1406 1186 meamne

273 1215 380 1276 deriso·
402 1233 499 1275 coreno
519 1215 649 1274 mnibus
669 1214 816 1294 consessio.

734 1455 919 1466 —---——

710 1629 890 1706 GAPUT
927 1629 965 1703 V.

562 1867 566 1871 ,
628 1821 839 1864 accensius
868 1819 1047 1861 nualdus.

771 2006 904 2015 u*—

642 2173 663 2254 §
685 2175 710 2233 l.
755 2173 890 2252 Repimen
911 2173 1034 2233 coelesle.

308 2361 390 2431 Quae
414 2380 503 2441 supra
526 2361 747 2441 disputavimus
765 2361 803 2420 de
823 2359 876 2420 Dei
895 2359 1112 2438 hominumque
1132 2361 1163 2420 in
1182 2358 1315 2420 Ecclesia
1335 2379 1403 2439 ope-

264 2466 382 2525 ratione
412 2475 473 2524 tam
503 2475 585 2524 aneto
615 2484 631 2522 a
661 2462 785 2522 Calvino
813 2462 937 2522 confusa
967 2462 1094 2522 subinde
1124 2473 1215 2541 alque
1237 2465 1402 2542 pecaniam,

263 2569 381 2647 saepius
403 2578 508 2628 conica
531 2579 591 2628 tam
614 2569 719 2627 slnicle
742 2586 757 2626 a
781 2586 812 2626 se
835 2567 964 2625 invicem
987 2567 1116 2645 seposita
1140 2577 1230 2646 atquc
1250 2569 1401 2636 seiuncta,

262 2684 296 2732 ul
326 2675 472 2732 naturalis
497 2677 578 2732 inter
598 2682 759 2750 ulnamque
778 2689 874 2732 nexus
895 2670 1008 2730 seusina
1030 2682 1194 2748 quaeratur
1207 2672 1243 2751 ¹),
1262 2673 1403 2732 similiter

263 2777 295 2834 in
325 2774 420 2836 Laseo
456 2777 547 2835 eliam
584 2777 701 2843 valent,
731 2794 824 2854 quare
860 2774 910 2834 hio
943 2793 1063 2853 quoque
1092 2774 1130 2834 de
1153 2755 1214 2834 Dei
1230 2773 1401 2855 Christique

265 2881 296 2939 in
319 2882 490 2941 universam
514 2879 679 2940 Ecclesiam
701 2891 732 2939 ea
754 2881 873 2959 singula
891 2879 956 2938 eius
975 2879 1109 2940 membra
1128 2877 1289 2939 efficientia
1309 2880 1402 2940 verbo

265 2985 426 3044 dicendum
456 2985 531 3052 enit,
561 2994 722 3062 antequam
757 2984 794 3043 ad
823 2981 975 3042 Ecclesiae
1009 3003 1063 3062 peu
1094 2965 1232 3042 homines
1265 2985 1401 3062 regimen

266 3089 431 3168 disputatio
454 3099 556 3150 nostru
580 3088 744 3167 perveniat.
778 3085 854 3146 »Dei
877 3085 1008 3146 Ecclesia
1021 3087 1076 3166 ²),''
1098 3089 1184 3147 euius
1207 3088 1292 3167 origo
1310 3098 1400 3168 atque

264 3194 417 3254 institutio
440 3193 477 3252 ad
497 3191 592 3251 lleum
615 3202 769 3251 auctorem
792 3191 951 3251 celenenda
974 3193 1072 3262 esl³)‚
1095 3211 1110 3250 a
1134 3191 1196 3252 Deo
1218 3194 1306 3252 unice
1328 3212 1399 3272 pen·

263 3297 331 3364 det,
360 3295 436 3356 adeo
465 3306 499 3355 ul
542 3314 668 3356 »omues
694 3295 845 3355 Ecclesiae
866 3295 997 3354 ministri
1021 3294 1116 3355 ileum
1138 3297 1305 3356 evocationis
1326 3316 1398 3357 suae

264 3411 440 3460 »auctorem
466 3399 674 3478 habeaul³);'’
718 3398 792 3458 »liei
823 3417 942 3478 quoque
971 3399 1118 3458 beneficio
1141 3398 1209 3467 fiat,
1238 3410 1274 3459 ul
1293 3399 1398 3460 fideles

261 3503 447 3588 »habeamus
476 3501 704 3584 minisln0s⁵);'’
749 3504 885 3582 »gratiae
915 3501 977 3562 Deo
1007 3503 1142 3582 agendae
1170 3504 1231 3562 sint
1260 3522 1313 3583 pao
1339 3505 1398 3564 illis

262 3636 274 3662 »
285 3609 433 3668 Ecclesiae
465 3607 645 3675 luminibus
678 3626 754 3684 quoe
783 3607 821 3666 ad
850 3607 1069 3667 restituendam
1100 3607 1256 3687 Euangelii
1284 3600 1396 3667 chrisa

260 3714 381 3772 »lucem
403 3711 533 3770 excitata
555 3710 702 3791 sunl⁶);’'
725 3730 742 3769 a
765 3709 828 3770 Deo
850 3711 981 3790 denique
1003 3712 1228 3790 deprecandum
1250 3713 1301 3780 sil,
1335 3738 1347 3764 »
1362 3723 1395 3770 ul

261 3817 438 3876 »ministros
474 3812 624 3874 Ecclesiae
649 3815 758 3894 spiniiu
787 3823 851 3874 soto
880 3833 935 3874 suo
963 3815 1133 3884 illuminet,
1163 3833 1275 3893 suaque
1305 3834 1395 3874 manu

263 4011 557 4020 ψη*-

300 4140 319 4200 ι)
338 4138 374 4186 Cl.
393 4153 462 4202 supra
481 4154 504 4202 p.
523 4139 567 4194 56,
585 4138 624 4191 57,

300 4223 319 4284 2)
343 4222 387 4284 Ep.
411 4220 445 4267 ad
463 4219 549 4267 Clerisl.
573 4218 621 4266 III.
646 4220 708 4278 (Ser.
725 4221 776 4267 ent.
793 4217 827 4266 ΙΙ.
845 4217 880 4266 2³.
900 4217 965 4278 685.)
985 4217 1021 4266 Cl.
1040 4218 1088 4282 Ep.
1109 4217 1143 4265 ecl
1159 4217 1234 4266 Ilenr.
1250 4219 1330 4281 palei.
1352 4220 1393 4282 (ib.
1499 4234 1501 4238 ·

258 4305 293 4354 11.
312 4305 346 4353 2³.
365 4301 440 4362 722).
574 4299 594 4360 ³)
615 4299 643 4348 V.
661 4315 732 4363 supra
748 4316 771 4364 p.
790 4301 847 4349 106.

299 4389 319 4448 ⁴)
339 4385 424 4436 Formo
444 4400 472 4431 es
494 4386 541 4432 rel.
559 4383 614 4430 min.
636 4382 710 4432 Lced.
731 4398 754 4446 p.
774 4382 813 4432 56.
836 4383 871 4430 Ol.
890 4383 933 4446 Ep.
954 4381 988 4431 ad
1006 4382 1130 4432 Hurdenl.
1153 4383 1211 4442 (Ser.
1233 4386 1283 4431 eal.
1303 4383 1338 4433 11.
1359 4386 1394 4436 2³.

259 4471 334 4532 633).
352 4470 396 4534 Ep.
414 4467 448 4516 ecl
466 4467 559 4516 Oreum.
579 4463 621 4526 (ib.
640 4465 673 4514 II.
692 4466 727 4515 2³.
746 4465 819 4526 666.).

298 4555 318 4616 5)
336 4553 423 4603 lbrme
439 4567 468 4601 uc
484 4555 531 4601 rel.
550 4546 605 4599 min.
623 4548 697 4599 deuel.
716 4565 739 4613 p.
759 4549 797 4598 14.
934 4548 953 4608 6)
974 4548 1053 4596 lieet.
1070 4547 1100 4596 cle
1118 4548 1223 4598 Samene.
1241 4563 1264 4612 p.
1283 4547 1336 4601 38).
