3240 5100
640 1396 796 1482 Plus
829 1393 897 1480 11.

293 1629 511 1690 EXPONITUR
529 1629 555 1686 J.
574 1626 593 1688 i
611 1627 726 1686 Lusco
744 1627 795 1685 DE
812 1625 992 1684 EOCLESIA
1009 1625 1224 1685 SENTENTIA.

647 1936 871 1950 'vvvwvswivvvvw

586 2171 934 2245 ananuoununa

231 2363 326 2425 Parva
352 2363 438 2425 Lasci
460 2372 492 2425 et
514 2365 639 2445 pulvere
663 2364 822 2444 denigrata
846 2364 988 2444 opuscula
1010 2363 1121 2424 sicum
1143 2362 1245 2444 spissis
1263 2363 1327 2428 Cal·

190 2468 252 2530 vini
271 2468 476 2530 voluminibus
495 2469 630 2538 confers,
648 2468 756 2548 ingens
774 2467 902 2528 sontium
913 2513 920 2538 ,
932 2467 1013 2528 unda
1025 2467 1227 2528 hauriendum
1239 2467 1327 2529 nobis

189 2582 270 2643 erat,
292 2582 420 2633 naturae
442 2571 616 2633 differentia
633 2580 740 2652 sponte
760 2572 791 2631 in
811 2571 913 2632 oculos
927 2571 1064 2631 incurrit.
1097 2568 1211 2631 Natura
1223 2589 1276 2632 sua
1289 2571 1327 2633 ad

189 2676 381 2738 scribendum
393 2677 533 2757 proclivis
548 2675 598 2736 hie
616 2675 770 2736 uberrime
789 2675 826 2736 de
843 2675 950 2754 quovis
960 2675 1116 2736 doctrinae
1127 2676 1194 2736 loco
1205 2684 1326 2737 seuten-

189 2783 261 2842 tiam
274 2800 359 2842 suam
377 2779 529 2848 condidit,
547 2798 641 2858 quum
653 2779 704 2838 ille
715 2788 819 2838 eontra
840 2779 961 2838 nonnisi
980 2797 1034 2858 pro
1052 2798 1085 2840 re
1104 2788 1175 2839 nata
1187 2788 1218 2839 et
1230 2780 1325 2840 veluti

189 2886 358 2966 postulatus
387 2883 538 2950 rarissime
567 2884 669 2943 stilum
692 2883 764 2963 egit.
808 2881 865 2943 Ubi
887 2892 989 2942 temen
1011 2884 1090 2962 egit,
1119 2892 1180 2943 tam
1202 2883 1325 2964 egregie

189 2989 321 3048 auctoris
347 2997 448 3067 partes
477 2987 634 3056 sustinuit,
667 2995 702 3046 ut
731 2986 910 3066 superstites
931 2985 1043 3054 libelli,
1072 2986 1128 3046 etsi
1150 3005 1241 3066 greve
1264 3005 1324 3047 am·

189 3091 319 3170 pliorum
349 3089 483 3148 excitent
511 3087 711 3172 desiderium,
744 3096 846 3148 tamen
882 3088 984 3148 valore
1018 3106 1073 3148 suo
1105 3098 1196 3168 atque
1225 3091 1324 3168 pretio

189 3193 387 3272 exiguitatem
416 3191 535 3250 numeri
564 3190 756 3268 aliquatenus
785 3201 867 3252 certe
894 3201 1103 3272 compensent,
1132 3202 1164 3253 et
1190 3212 1324 3274 praeser-

188 3296 260 3364 tim,
291 3295 343 3354 ubi
376 3293 414 3354 de
446 3291 578 3354 Ecclesia
611 3294 676 3354 eius
709 3294 860 3374 sententia
893 3295 1077 3364 sciscitatur,
1109 3296 1219 3356 mirum
1251 3315 1323 3359 sane

189 3398 274 3460 dictu
303 3399 357 3467 sit,
387 3415 476 3476 quam
506 3407 676 3459 accuratam
706 3397 792 3458 nobis
817 3407 849 3458 et
874 3398 998 3460 solidam
1021 3399 1160 3460 notitiam
1183 3399 1322 3479 suppedi-

189 3511 265 3564 tent.
298 3500 364 3571 Quo
386 3501 514 3589 sactum,
536 3511 570 3562 ut
589 3503 626 3562 de
645 3503 730 3562 nullo
747 3501 811 3563 sere
830 3503 867 3563 ad
886 3501 1131 3583 Ecclesiologiam
1149 3493 1322 3584 pertinente

187 3607 254 3668 loco
276 3605 377 3673 dubii,
396 3605 469 3683 quid
488 3605 641 3666 censuerit
662 3607 679 3664 ia
701 3603 810 3675 Lusco,
832 3605 1027 3666 haeserimus.
1069 3606 1100 3667 Si
1123 3625 1200 3686 quae
1220 3603 1321 3667 tamen

189 3710 253 3769 sine
271 3709 466 3789 responsione
481 3709 719 3789 praetermiserit
738 3710 816 3790 ipse,
834 3709 865 3769 in
877 3709 997 3770 silentio
1012 3711 1172 3771 maluimus
1187 3711 1320 3790 acquies·

188 3833 273 3883 cere,
310 3831 399 3892 quam
431 3821 552 3892 praeter
580 3813 679 3892 ipsum
708 3821 862 3873 auctorem
891 3831 995 3893 sapere
1025 3823 1056 3874 et
1084 3812 1170 3874 Lasoi
1198 3817 1320 3878 nomino

188 3935 343 3999 promere,
371 3917 409 3976 de
440 3916 549 3996 quibus
577 3916 639 3996 ipse
668 3915 768 3976 forsan
797 3933 835 3976 ne
858 3917 1002 3996 cogitavit
1024 3917 1155 3996 quidem.
1197 3916 1232 3978 In
1254 3921 1320 3980 uni·

187 4039 276 4082 verso
297 4022 407 4102 igitur,
430 4031 466 4080 ut
487 4020 698 4101 compositioni
720 4020 946 4088 consuleretur,
968 4021 1096 4082 candem
1117 4010 1319 4101 prorsus'dis-

188 4125 328 4204 quirendi
358 4125 505 4185 rationem
534 4143 568 4184 ao
596 4126 627 4184 in
654 4123 753 4204 priore
776 4133 861 4203 parte
883 4124 969 4202 sequi
991 4125 1152 4204 potuimus.
1195 4124 1253 4186 Ubi
1275 4135 1318 4186 ta·

186 4246 256 4288 men
276 4248 292 4288 a
311 4226 434 4288 Calvino
453 4227 513 4288 tale
532 4227 605 4306 quid
623 4227 689 4288 luse
708 4228 885 4308 exponitur,
907 4227 945 4288 de
964 4247 1025 4306 quo
1043 4227 1121 4308 apud
1140 4226 1266 4290 Lasoum
1279 4248 1317 4291 ne

187 4333 292 4392 vocula
321 4332 444 4412 quidem
481 4331 628 4400 occurrit,
655 4331 708 4391 ubi
741 4349 846 4390 rursus
874 4351 890 4390 a
919 4329 1042 4392 Calvino
1072 4333 1214 4394 omissum
1243 4333 1317 4404 luit,

187 4435 268 4514 quod
293 4455 310 4496 e
332 4433 417 4496 Lasci
447 4435 598 4496 sententia
627 4435 770 4496 omissum
793 4444 933 4504 noceret,
955 4435 1111 4515 paululum
1132 4437 1171 4497 de
1195 4438 1316 4510 vianos

186 4539 335 4600 decessise
357 4559 406 4600 res
424 4539 488 4620 ipsa
506 4539 623 4600 clamat.
655 4537 689 4599 In
715 4539 851 4619 margine
869 4537 953 4600 Lusci
977 4541 1190 4620 opusculorum
1208 4541 1317 4604 seriem
