3240 5100
637 363 642 374 ‚
743 286 804 350 aar

209 515 222 543 a
233 490 293 550 tiae
304 487 378 570 ²²),''
408 509 479 552 vere
513 489 665 551 »efficacia
685 498 756 549 sunt
779 489 817 550 ad
839 490 1047 572 salutcm²⁸).'’
1091 491 1231 554 Afferunt
1252 493 1341 554 nobis

209 594 358 674 duplicem
381 593 528 654 fructum:
561 597 633 669 »τήν
654 599 875 672 πληροφορίαν,
896 595 914 654 i.
937 615 963 655 c.
986 596 1118 674 quietem
1138 608 1251 658 certam
1270 617 1339 658 con·

209 701 391 769 asmantiae,
416 709 447 759 ct
476 702 526 774 τήν
551 701 766 769 dannatur-mar,
792 701 811 759 i.
838 717 862 758 e.
888 700 1000 760 mentis
1022 711 1141 760 nostrae
1164 701 1338 763 affectuum·

208 821 288 881 »que
313 804 558 864 immutationem
570 803 639 882 33).”
683 801 760 862 Sunt
782 814 884 862 tamen
919 802 1134 864 »Sacramenta
1157 805 1188 864 in
1210 804 1267 865 hoc
1289 825 1338 885 po·

208 907 378 966 »tissimum
407 907 563 976 instituta,
592 917 626 966 ut
655 917 789 967 nostram
810 926 878 968 cum
901 905 1019 966 Christo
1041 909 1283 970 communionem
1306 911 1337 970 in

207 1011 338 1070 »merito
362 1011 469 1070 mortis
491 994 562 1071 suae
585 1010 726 1071 cordibus
747 1011 859 1070 nostris
882 1010 1043 1090 obsignant
1054 1011 1124 1091 ¹⁵)st
1168 1009 1338 1074 »Videlicet

206 1113 364 1192 »Christus
390 1115 505 1194 aliquid
530 1116 562 1174 in
591 1133 749 1175 commune
779 1135 795 1174 a
825 1114 912 1175 nobis
933 1115 1063 1194 accepit:
1089 1115 1172 1176 aliud
1194 1135 1298 1176 rursus
1320 1138 1336 1178 a

205 1237 259 1278 »se
280 1219 369 1279 nobis
389 1221 532 1280 contulit:
555 1239 572 1280 a
593 1219 680 1280 nobis
698 1221 812 1298 accepit
831 1219 1029 1279 substantiam
1048 1221 1147 1280 carnis
1165 1240 1199 1282 aa
1217 1223 1336 1300 sangui·

205 1323 274 1382 anis
307 1323 371 1384 sina
411 1325 571 1402 qualitate,
606 1323 694 1384 nobis
726 1335 831 1384 contra
858 1343 928 1384 suae
958 1325 1056 1384 carnis
1082 1325 1259 1403 qualitatem
1285 1325 1335 1385 de·

204 1425 332 1506 »dit²⁶).
373 1425 435 1486 iam
464 1435 565 1486 autem
608 1423 892 1486 »Sacramentorum
918 1427 1097 1506 mysterium
1126 1427 1158 1486 in
1187 1445 1220 1486 ea
1250 1437 1335 1506 parte

203 1531 357 1609 »positum
380 1539 440 1598 est,
464 1549 522 1608 qua
537 1530 569 1603 in
591 1548 646 1590 nos
665 1549 681 1589 a
701 1527 884 1589 Domina...
907 1530 1021 1608 aliquid
1042 1530 1073 1589 in
1095 1549 1254 1592 commune
1276 1533 1334 1592 col-

203 1634 320 1693 aiatum
348 1632 546 1714 constat²⁷).''
567 1663 607 1678 -
630 1635 673 1695 6⁰.
695 1633 772 1694 Nam
794 1633 875 1693 salas
896 1639 1014 1693 aeterua
1036 1633 1072 1693 ab
1094 1653 1191 1694 earam
1211 1653 1267 1694 aaa
1287 1655 1333 1695 aa·

201 1737 325 1797 cessarie
342 1737 489 1816 pendeat?
522 1735 679 1798 »Naedien
702 1737 740 1797 dc
763 1734 977 1797 Sacramenton
1000 1755 1057 1798 een
1077 1739 1262 1817 ordinanoyc
1280 1738 1334 1800 des

201 1841 344 1902 »Heeren
372 1845 428 1919 sijn
457 1859 496 1900 en
526 1859 580 1900 ons
607 1858 644 1920 op
665 1841 688 1900 't
710 1841 818 1900 verlies
841 1859 929 1900 onser
951 1840 1098 1920 salicheyt
1121 1842 1152 1901 in
1175 1842 1333 1903 warachti·

201 1946 300 2026 »gher
327 1945 622 2026 ghehocrsaemheyt
644 1955 675 2006 tc
697 1944 916 2025 ghebruycken
939 1945 1067 2006 bevoien
1089 1947 1161 2022 sijn,
1192 1963 1224 2005 so
1246 1945 1332 2006 mach

201 2049 353 2111 »haerder
371 2050 550 2130 ghebruyek
569 2050 680 2110 sonder
702 2048 811 2109 schade
824 2049 879 2108 der
891 2049 1038 2128 salicheyt
1049 2049 1114 2108 niet
1126 2047 1332 2129 achterghela·

200 2163 274 2214 »ten
287 2153 411 2214 worden
423 2153 499 2234 33);”
521 2153 602 2232 quod
614 2153 656 2213 sic
675 2162 776 2212 tamen
794 2152 1027 2232 intelligendum
1045 2163 1106 2220 est,
1129 2159 1163 2212 ut
1175 2151 1200 2210 is
1211 2152 1332 2212 demum

199 2267 455 2318 sacramentorum
477 2255 626 2317 habeatur
647 2265 853 2336 contemptor,
896 2256 966 2316 »die
990 2275 1021 2315 se
1039 2257 1104 2316 niet
1123 2255 1329 2335 ghebruyckt‚

199 2361 263 2420 »ais
284 2359 327 2440 hy
348 2359 402 2420 het
424 2379 498 2419 naer
519 2359 556 2419 de
579 2359 764 2438 ordinancye
787 2356 866 2418 Gods
887 2357 959 2416 doen
981 2355 1113 2438 lcaa²⁹).”
1134 2357 1245 2419 Contra
1267 2369 1331 2420 tan·

198 2473 262 2524 tum
280 2463 382 2534 abest,
400 2474 554 2525 uteorum
573 2464 640 2524 usui
662 2464 789 2523 salutem
812 2471 946 2523 nostram
967 2463 1135 2523 necessario
1157 2464 1330 2544 alligareta

197 2566 307 2637 Lusco,
336 2577 371 2628 ut
396 2568 538 2648 religiose
560 2568 727 2629 cavendum
749 2567 836 2627 nobis
858 2584 923 2627 esse
945 2577 1067 2627 moneat
1100 2585 1180 2628 »van
1202 2567 1260 2627 alle
1283 2587 1329 2628 su·

195 2669 360 2752 'apersticic
393 2673 455 2733 osto
487 2672 616 2752 cenighe
646 2670 872 2750 aenbindinghe
901 2689 990 2731 onser
1018 2669 1166 2749 salichayt
1194 2679 1241 2730 tot
1269 2672 1328 2732 den

197 2775 432 2856 »teecken³⁰),''
464 2777 607 2855 quoniam
660 2775 720 2835 nde
754 2774 921 2834 teeckencn
954 2775 1032 2834 ende
1064 2772 1242 2834 Elementen
1276 2773 1329 2834 iret

196 2881 329 2940 aminstc
351 2880 419 2940 decl
442 2880 495 2940 des
518 2877 678 2959 godlioken
701 2879 816 2939 diensts
839 2877 982 2959 zyn³¹)‚''
1005 2887 1035 2938 ct
1078 2878 1138 2939 »de
1162 2897 1328 2938 sacramen·

197 2991 272 3042 »ten
297 2983 328 3041 in
350 2981 425 3042 haer
446 2984 550 3042 seluen
574 3000 628 3042 ons
646 2983 711 3042 niet
733 2980 826 3042 saiich
848 2981 959 3041 maken
972 2979 1034 3062 ³²).'’
1055 3015 1096 3024 -
1117 2982 1157 3040 7⁰.
1182 2979 1261 3041 Unde
1283 2999 1327 3042 aa·

197 3085 318 3162 lotifero
345 3084 388 3145 ais
413 3085 451 3144 iis
472 3085 610 3144 accedat?
653 3084 740 3146 ”Non
767 3095 859 3165 egent
881 3088 1066 3145 sacramenta
1088 3085 1148 3144 ulla
1169 3085 1327 3146 miraculo-

195 3208 284 3249 arum
306 3189 585 3258 commendatione,
606 3209 682 3268 quae
704 3199 775 3250 sunt
793 3191 831 3250 ab
848 3191 970 3250 illorum
989 3199 1096 3248 natura
1115 3207 1238 3268 prorsus
1256 3189 1327 3250 alie·

194 3292 328 3374 »na³³).”
370 3291 489 3353 »Deum
517 3290 632 3352 habent
661 3301 831 3362 auctorem,
859 3293 912 3372 qui
940 3310 994 3371 per
1022 3292 1161 3371 spiritum
1189 3302 1327 3352 sanctum

144 3430 146 3436 ·
194 3413 303 3476 »suum
326 3396 418 3456 eflicit
439 3397 485 3464 id,
510 3404 544 3455 ut
566 3415 715 3456 unacum
737 3396 830 3476 signis
852 3397 1008 3476 signorum
1030 3413 1150 3474 quoquc
1172 3397 1326 3475 mysteriis

193 3520 285 3562 »vere
315 3501 352 3562 ad
381 3501 474 3561 vitam
490 3511 651 3578 aeternam
674 3500 809 3560 fruamur
822 3499 885 3582 33).”
928 3498 1031 3578 Neque
1054 3500 1208 3560 tamenin
1232 3501 1326 3560 omni·

218 3815 251 3876 33)
270 3814 343 3878 Parp.
361 3813 417 3862 mia.
435 3811 547 3876 Francos.
565 3827 588 3876 p.
607 3810 645 3860 21.
747 3809 778 3872 33)
796 3807 833 3858 Π).

218 3895 250 3958 33)
272 3895 351 3946 atace.
368 3897 397 3946 de
414 3897 519 3946 Samara.
536 3911 560 3958 p.
579 3891 632 3944 dib.
651 3893 687 3943 Oi.
707 3893 759 3944 eat.
777 3892 852 3942 Laod.
870 3891 925 3940 mai.
942 3905 965 3953 p.
985 3890 1024 3938 94.

218 3979 249 4041 33)
272 3978 350 4029 Tract.
372 3979 402 4028 de
423 3981 532 4028 Sacram.
551 3977 623 4042 praei.
642 3977 681 4026 11.
700 3975 736 4024 Cf.
753 3976 780 4024 in
797 3976 813 4024 i.
832 3974 849 4026 l.
866 3990 890 4038 p.
912 3973 967 4032 35⁰,
987 3970 1040 4023 59¹³.
1057 3974 1082 4022 et
1104 3972 1155 4022 Oai.
1172 3969 1248 4020 Laud.
1266 3972 1321 4021 mai.

188 4076 211 4124 p.
231 4061 270 4109 94.
404 4061 435 4124 33)
458 4059 536 4110 Tract.
554 4061 583 4110 dc
599 4061 704 4110 Sacram.
722 4074 746 4122 p.
763 4059 815 4107 44³.

217 4140 302 4206 33)]1).
326 4159 350 4206 p.
374 4142 425 4192 56³.
448 4142 539 4190 Christi
563 4157 654 4208 qnoque
680 4140 819 4190 confessioni
844 4139 987 4188 inserviunt.
1016 4137 1052 4188 cf.
1079 4135 1146 4202 Oauf.
1156 4135 1226 4202 fidei
1245 4151 1268 4200 p.
1290 4135 1321 4186 20

191 4225 324 4286 (nnuman.
344 4225 409 4286 268.)
510 4224 540 4288 38)
563 4227 614 4275 eat.
632 4225 707 4275 Laod.
726 4225 781 4274 mai.
798 4239 822 4288 p.
840 4223 880 4272 96.
981 4221 1012 4283 33)
1031 4219 1067 4269 lb.

215 4305 247 4367 33)
269 4305 336 4370 Confi
346 4306 411 4370 fidei
427 4323 450 4370 p.
469 4306 501 4356 20
520 4299 653 4368 (unaruaa'.
672 4307 747 4368 267),
847 4304 879 4366 31)
898 4303 935 4353 lb.
953 4319 976 4368 p.
994 4304 1018 4354 4.
1037 4299 1263 4364 (nnn1uaa23d.).

214 4387 246 4448 33)
267 4387 318 4439 Cat.
337 4390 412 4440 Laud.
430 4391 485 4440 mai.
503 4405 526 4454 p.
544 4389 583 4438 66.
684 4389 715 4450 33)
738 4387 817 4438 Praet.
836 4387 866 4436 de
883 4389 988 4436 Sacram.
1006 4403 1029 4450 p.
1049 4384 1102 4434 233.

214 4470 246 4532 ³⁴)
270 4470 305 4520 Ib.
328 4487 351 4536 p.
377 4473 427 4522 31³.
449 4471 486 4522 Cs.
507 4470 539 4524 ib.
561 4487 584 4536 p.
607 4471 658 4521 633.
675 4471 776 4536 Parpat.
799 4470 855 4521 mia.
877 4469 987 4535 Truncos.
1005 4485 1028 4544 p.
1047 4467 1092 4534 21ξ
1111 4466 1149 4525 22.
1170 4467 1221 4527 aaa,
1243 4466 1318 4526 Laod,

186 4556 241 4606 anai.
259 4572 282 4622 p.
301 4556 341 4609 94.
