3240 5100
833 323 893 385 162

299 515 415 576 asolam
442 515 591 580 duntaxat
619 523 812 601 apostolicam
838 525 1007 588 doctrinam
1029 535 1120 608 atque
1142 527 1365 589 observantiam
1385 529 1431 586 se·

299 627 455 696 aquantur
474 619 525 703 ⁸).''
566 621 687 687 Proeire
718 627 815 707 igitur
846 628 1012 702 Ecclesiae,
1048 633 1208 694 instituere
1241 648 1307 693 eam
1339 641 1430 710 utque

298 721 479 786 eruditionis
506 744 578 788 suae
605 729 709 791 lumen
737 733 765 791 ei
794 733 947 812 praeferre
975 735 1104 806 dehent,
1132 755 1296 816 numquam
1329 746 1431 795 sutem

297 826 480 888 sententiam
509 845 593 908 suem
622 833 717 893 veluti
735 833 868 896 ,decreta
897 835 1038 900 fidelibus
1060 841 1232 920 imponere,
1254 857 1323 899 nam
1356 835 1431 896 aEc·

299 927 429 996 »clasiae
446 931 663 1004 ministerium,
685 937 765 1015 quod
784 937 841 999 hoc
858 941 914 1002 sibi
933 940 1082 1012 sumeret.
1101 963 1156 1023 pro
1173 941 1285 1004 Christi
1301 939 1432 1000 Ecclesia

298 1047 382 1090 »non
400 1043 480 1094 esset
498 1031 671 1098 babendum
683 1037 736 1118 ⁹).’'
766 1039 901 1102 Instituit
924 1044 1018 1123 igitur
1036 1043 1213 1125 Prophetias
1233 1056 1347 1114 noster,
1369 1045 1431 1104 sive

299 1133 451 1211 periodica
479 1137 636 1200 ministros
663 1141 745 1202 inter
772 1154 803 1204 et
829 1143 980 1208 Ecclesiae
1009 1149 1104 1210 socios
1126 1150 1163 1210 de
1185 1150 1322 1210 doctrina
1344 1149 1432 1208 collo-

299 1236 386 1314 quia,
407 1257 446 1300 ne
468 1243 589 1320 quaudo
610 1244 785 1308 dominandi
806 1248 902 1310 libido
922 1252 1130 1312 ministrorum
1153 1253 1290 1313 ordinem
1312 1253 1433 1312 invade·

300 1349 348 1398 ret
368 1340 418 1422 ¹⁰),
439 1343 493 1404 sed
516 1347 615 1408 omnia
633 1367 687 1410 sua
706 1369 723 1410 e
741 1351 834 1412 verbo
854 1351 907 1414 Dei
926 1355 1053 1434 probare
1072 1375 1191 1437 semper
1208 1367 1310 1418 essent
1328 1356 1433 1436 parati.

299 1439 364 1502 Etsi
385 1444 481 1525 igitur
502 1451 667 1532 unicuique
688 1455 730 1514 ir»
742 1453 874 1517 Ecclesia
892 1458 1008 1519 licitum
1028 1461 1082 1534 sit,
1103 1461 1201 1540 ipsum
1219 1463 1250 1522 in
1272 1461 1350 1540 ipsas
1368 1460 1433 1519 lon·

300 1553 346 1605 tes
374 1547 528 1628 inquirere
558 1564 589 1614 et
618 1558 739 1618 nonnisi
768 1559 825 1619 sibi
861 1562 892 1621 in
921 1563 1033 1624 divinis
1064 1565 1204 1634 credere,
1238 1583 1298 1624 non
1331 1573 1433 1623 tamen

297 1647 440 1714 licentiae
462 1657 685 1736 patrocinatur,
711 1663 764 1724 sed
796 1663 969 1727 »Ecclesiae
995 1686 1141 1729 censurae
1166 1668 1373 1748 unusquisque
1402 1675 1434 1726 et

299 1769 353 1812 ose
375 1763 408 1814 et
428 1770 481 1818 sua
503 1761 602 1821 omnia
625 1762 758 1825 libenter
778 1767 958 1830 submittere
977 1771 1069 1832 debet
1082 1772 1143 1854 ¹¹).”
1172 1771 1301 1832 Tantum
1322 1771 1434 1839 abluit,

298 1856 371 1932 quin
406 1859 562 1924 »serendis
583 1867 670 1927 novis
691 1867 883 1948 dogmatibus
908 1874 993 1936 frena
1022 1875 1222 1956 laxaraa12).”
1264 1875 1310 1935 Ab
1339 1875 1434 1935 altera

298 1969 384 2036 parte
414 1981 430 2022 a
458 1966 607 2028 ministris
636 1972 778 2050 requirit,
809 1983 843 2035 ut
882 2002 894 2030 a
904 1997 979 2057 pure
1008 1989 1039 2040 ct
1068 1999 1136 2040 cum
1165 1981 1357 2060 simplicitate
1382 1979 1434 2040 do·

300 2073 410 2124 »ceant
430 2065 500 2146 η),”
528 2081 559 2131 et
588 2076 745 2152 gravitatis
773 2081 908 2140 muneris
940 2083 997 2144 sibi
1030 2084 1180 2146 commissi
1212 2084 1290 2144 bene
1322 2083 1433 2144 conscii

299 2167 380 2226 omni
410 2169 439 2229 vi
468 2181 499 2232 et
528 2191 618 2254 opera
647 2164 831 2250 innitantur,
864 2193 898 2244 ut
930 2205 1019 2264 quam
1048 2187 1236 2266 purissimam
1265 2187 1434 2248 doctrinam

297 2265 439 2333 fidelibus
461 2276 581 2338 trudere
604 2291 725 2358 queant.
768 2283 871 2365 Neque
899 2288 994 2368 igitur·
1014 2291 1154 2352 versione
1176 2293 1342 2371 scripturae
1364 2309 1434 2351 con·

297 2374 375 2432 tenti
404 2377 481 2447 sint,
509 2381 562 2442 sed
602 2385 661 2444 »ad
689 2406 812 2466 graecas
841 2393 1029 2470 potissimum
1059 2395 1159 2456 sontes
1188 2393 1434 2468 recurrant14).''

295 2473 323 2534 b.
345 2475 381 2536 lo
404 2479 513 2556 lapibus
533 2485 670 2562 serendis.
703 2490 871 2554 »Universa
891 2494 1041 2558 Ecclesiae
1068 2499 1222 2578 totiusque
1241 2499 1316 2559 adeo
1334 2498 1433 2558 cultus

298 2577 415 2658 »divini
438 2583 627 2661 *gubernatio
656 2592 693 2652 ad
723 2591 873 2656 Ecclesiae
902 2599 1056 2661 ministros
1084 2603 1216 2681 pertinet
1236 2601 1304 2683 ¹⁵)‚’'
1337 2619 1434 2680 »quus

299 2699 376 2760 »per
398 2681 544 2764 Spiritum
566 2703 664 2753 sctum
683 2696 715 2755 in
734 2710 866 2760 rectores
886 2721 919 2761 ac
937 2703 1157 2782 gubernatores
1176 2703 1326 2766 Ecclesiae
1344 2705 1437 2784 (quod

299 2784 424 2847 »divina
446 2792 567 2874 attinet)
588 2799 770 2861 constitutos
791 2822 856 2864 esse
869 2805 926 2884 1’)”
946 2819 1066 2877 censet,
1088 2820 1119 2868 et
1137 2809 1246 2888 quibus
1264 2810 1339 2870 adeo
1361 2829 1434 2888 ogu-

298 2887 494 2954 »cernendae
518 2895 666 2961 Ecclesiae
689 2906 848 2968 auotoritas
868 2911 1072 2988 permittenda
1098 2923 1144 2972 est
1162 2913 1225 2990 ''t''
1267 2911 1308 2972 Ee
1332 2923 1434 2973 antem

298 2993 416 3056 ratione
434 2995 596 3062 Ecclesiam
616 3005 804 3084 gubernent,
825 3031 914 3089 quam
944 3011 1117 3076 »Ecclesiae
1135 3017 1282 3095 cuiusque
1300 3017 1434 3076 rationes

300 3107 352 3158 »et
383 3109 517 3181 tempora
547 3107 708 3170 videantur
737 3115 889 3192 postulare
912 3117 985 3191 18);”
1013 3129 1045 3180 et
1078 3120 1260 3180 »observato
1289 3121 1439 3182 duntaxat

300 3203 458 3266 »unanimi
486 3225 576 3270 sanae
605 3212 762 3276 doctrinae
790 3237 939 3280 consensu
966 3223 1044 3282 ritus
1072 3243 1143 3284 sane
1172 3243 1206 3284 ac
1227 3225 1433 3286 caeremoniae

300 3543 305 3550 .
339 3495 361 3559 ⁸)
379 3497 465 3552 Forma
486 3518 515 3552 ac
535 3509 582 3555 rat.
608 3507 664 3558 min.
686 3509 761 3560 Load.
783 3529 807 3578 p.
831 3514 886 3564 566.
912 3516 949 3566 cl.
972 3517 1017 3582 Ep.
1037 3518 1144 3570 adden.
1164 3520 1218 3570 Pol.
1240 3521 1293 3584 (Ser
1314 3523 1364 3571 ant.
1384 3520 1433 3570 III.

302 3579 336 3628 1³.
356 3579 431 3644 lot).
566 3589 585 3650 ⁹)
603 3591 647 3656 up.
664 3593 699 3642 ed
715 3596 771 3644 Seu.
789 3597 842 3647 Pol.
861 3599 918 3659 (Ser.
936 3604 987 3652 ent.
1004 3600 1053 3654 III.
1071 3602 1105 3652 1⁸.
1123 3602 1199 3664 tou).

329 3659 360 3722 ¹⁰)
376 3662 463 3715 I'brara
479 3684 509 3718 ac
524 3675 571 3720 rat.
589 3674 644 3724 min.
662 3675 736 3727 Lond.
754 3692 777 3741 p.
796 3678 936 3734 107-117.

328 3743 359 3806 Π)
380 3745 459 3796 linet.
479 3747 509 3798 de
530 3751 634 3805 Sacram.
654 3759 726 3820 prael.
746 3774 771 3822 p.
792 3760 832 3810 11.
856 3761 893 3812 Ol.
913 3763 956 3826 db.
973 3763 1009 3813 od
1022 3766 1088 3814 Bett.
1104 3765 1164 3826 (Ser.
1182 3773 1233 3816 aet.
1253 3765 1296 3818 lv.
1310 3766 1345 3818 1⁹.
1356 3764 1433 3830 454).

299 3825 345 3891 Ep.
362 3826 439 3880 dedic.
457 3844 545 3894 praem.
564 3834 650 3886 Forma
666 3855 696 3888 ae
711 3844 759 3890 rat.
777 3842 832 3892 min.
849 3843 924 3894 lond.
941 3860 965 3909 p.
983 3846 1023 3896 32.
1040 3847 1067 3895 in
1084 3846 1136 3912 ipso
1152 3845 1194 3899 lib.
1211 3863 1235 3912 p.
1254 3846 1311 3900 tot.

327 3907 359 3970 ¹²)
380 3911 459 3963 Traet.
477 3913 507 3963 de
525 3917 631 3968 Sacram.
647 3921 721 3984 praes.
738 3939 761 3986 p.
780 3923 803 3974 6.

328 3990 360 4052 ¹³)
378 3992 423 4057 Ep.
440 3994 475 4044 ad
490 3997 557 4046 Batt.
576 4000 638 4060 (Ser.
656 4006 707 4052 ant.
725 4002 768 4054 IV.
787 4005 822 4055 1².
840 4007 916 4070 447).

327 4071 359 4134 ¹⁴)
376 4073 415 4122 De
437 4074 530 4126 incarn.
555 4077 644 4129 utristi
667 4098 691 4146 p.
715 4084 745 4132 A.
769 4095 794 4134 u.
818 4105 843 4150 y.
877 4088 903 4136 Si
927 4088 983 4154 quis
1005 4091 1065 4140 scire
1085 4092 1177 4156 cupiat,
1204 4093 1324 4157 quomodo
1349 4093 1436 4160 ipsed

297 4152 371 4203 Lusco
398 4155 535 4222 interpretis
554 4175 653 4211 munere
672 4164 767 4216 functus
786 4168 831 4231 sit,
854 4171 967 4234 inspiciat
992 4173 1017 4222 in
1042 4173 1124 4222 eodem
1145 4174 1228 4223 libello
1251 4193 1274 4240 p.
1294 4177 1322 4227 O.
1345 4187 1381 4226 ru.
1401 4180 1435 4238 β,

298 4235 326 4286 O.
347 4248 372 4285 v.
391 4239 423 4297 d,
445 4251 469 4290 r.
489 4261 515 4301 a,
538 4255 563 4292 u.
581 4249 611 4309 ζ,
630 4258 656 4296 r.
674 4267 703 4314 η,
721 4263 746 4302 v.
765 4255 801 4310 θ,
818 4253 849 4304 D.
867 4268 884 4304 1.
904 4273 933 4315 e,
951 4269 976 4306 v.
996 4259 1030 4313 θ,
1048 4256 1077 4306 u.
1094 4269 1112 4304 1·
1130 4262 1163 4318 β,
1181 4269 1207 4308 V·
1226 4259 1257 4316 δ»
1275 4271 1303 4307 v.-
1319 4275 1349 4323 η»
1366 4257 1399 4308 Η·
1417 4272 1435 4308 1·

298 4337 329 4375 α,
347 4318 374 4370 E.
392 4329 418 4370 t.
436 4335 461 4372 et.
479 4323 509 4374 K.
527 4339 556 4376 11.
574 4331 603 4388 β.
638 4330 669 4378 In
692 4345 717 4379 rc
739 4333 824 4382 critica
842 4335 924 4398 potins
941 4339 1050 4386 versatur
1074 4337 1097 4387 J.
1116 4351 1133 4389 1.
1151 4343 1186 4399 β,
1204 4352 1242 4391 111.
1262 4359 1291 4403 γ,
1309 4341 1342 4391 Η.
1359 4353 1385 4390 v.
1404 4359 1434 4407 η,

296 4399 321 4452 J.
339 4415 356 4453 1.
376 4421 401 4454 α.
541 4406 573 4472 ¹⁵)
589 4411 676 4460 Forma
692 4417 950 4470 cerumtamen.
968 4434 992 4482 p.
1012 4419 1067 4470 508.
1086 4417 1123 4470 Oi.
1140 4437 1164 4486 p.
1182 4423 1228 4485 59,
1246 4421 1302 4476 273,

324 4484 527 4553 EEME
662 4491 867 4560 mmpm

325 4567 715 4639 Eunmmmpm
