3228 5102
847 305 867 366 6

290 510 366 578 lert,
399 515 549 588 quatenus
582 504 677 566 ileum
733 505 787 566 »in
815 503 949 566 Ecclesia
983 521 1036 564 sua
1065 503 1192 572 tuenda,
1232 505 1428 576 asservando,

290 611 483 694 »puniendo
513 611 693 671 stabilienda
704 609 752 690 1’)”
782 621 881 670 totum
903 627 967 670 esse
990 609 1127 669 videmus
1149 620 1239 688 atque
1262 611 1428 680 assiduum,

292 715 374 798 quod
416 717 515 776 »nolit
544 733 596 775 nos
624 713 796 774 adolescere
815 715 846 774 in
865 714 983 773 virilem
1002 722 1147 782 aetatem,
1172 713 1230 772 nisi
1249 714 1429 774 educatione

293 818 543 900 „Ecclesiaawt”
596 817 673 878 Hinc
709 835 828 896 quoque
862 815 1013 877 Ecclesiae
1042 827 1197 876 auctorem
1230 835 1295 876 sese
1328 817 1429 897 prodit

293 921 390 992 Daue,
411 923 492 1002 quod
514 921 552 981 ab
573 919 647 980 Eius
667 930 745 979 nutu
764 931 855 999 atque
874 921 1055 982 auctoritate
1075 939 1163 980 omne
1181 921 1312 999 pendeat
1330 918 1429 980 Eccle-

292 1027 447 1090 siasticum
469 1025 622 1102 regimen,
644 1023 741 1082 omnis
763 1020 917 1100 quaelibet
938 1024 1003 1081 siue
1026 1022 1086 1080 ulla
1107 1022 1238 1081 cuiusvis
1253 1021 1429 1100 exceptione

292 1131 325 1190 in
354 1128 486 1190 Ecclesia
512 1136 652 1206 potestas.
695 1123 808 1186 Statuit
831 1125 911 1184 enim
954 1143 1065 1186 lomna
1087 1125 1224 1205 regimen
1246 1125 1431 1185 Ecclesiasti-

294 1233 360 1293 »sic
389 1231 522 1312 pendere
553 1229 591 1289 ab
612 1227 685 1288 Eius
707 1228 846 1296 decreto,
876 1239 910 1288 ut
932 1228 1009 1288 nihil
1031 1231 1155 1291 omnino
1176 1229 1351 1290 homiuibus
1373 1241 1430 1290 sta·

294 1345 382 1396 tuere
408 1335 498 1394 liceat
517 1333 579 1414 ¹¹).''
623 1331 780 1410 Quotquot
809 1333 904 1412 igitur
932 1332 964 1391 in
989 1331 1122 1393 Ecclesia
1149 1353 1275 1393 munere
1302 1333 1431 1413 fungan-

293 1449 357 1509 tur,
387 1435 505 1498 »Deum
527 1435 640 1494 habent
668 1435 803 1494 muneris
832 1435 1059 1516 auctorem¹²).”
1101 1435 1182 1496 Deus
1210 1437 1341 1516 denique
1369 1445 1430 1506 est,

295 1543 347 1623 qui
390 1559 466 1600 anos
488 1539 545 1598 sibi
568 1538 692 1618 adoptat
714 1547 745 1596 et
767 1538 799 1597 in
821 1535 984 1597 Ecclesiam
1008 1539 1123 1618 colligit
1136 1539 1170 1620 ¹³)
1179 1539 1204 1608 ,'’
1226 1550 1317 1618 atquc
1350 1541 1431 1599 »sin-

295 1646 404 1726 „gulas
448 1641 505 1702 sibi
544 1639 692 1700 Ecclesias
728 1659 764 1700 ex
806 1641 946 1700 omnihus
977 1642 1083 1702 mundi
1116 1643 1211 1722 plagis
1244 1644 1359 1722 colligit
1371 1642 1432 1724 11).”

295 1747 409 1819 Quodsi
429 1764 446 1805 e
464 1745 565 1806 verbis
584 1744 682 1803 allatis
701 1743 774 1802 satis
793 1753 859 1803 tutc
878 1743 989 1804 efficias
1004 1743 1166 1806 Ecclesiam
1179 1765 1195 1805 a
1207 1746 1432 1807 Calvinounice

296 1851 334 1912 ad
360 1849 457 1910 Deum
483 1857 638 1910 auctorem
665 1847 789 1916 referri,
822 1847 984 1910 observatu
1013 1858 1115 1910 tamen
1143 1849 1269 1928 dignum
1295 1850 1433 1920 videtur,

296 1931 603 2030 Ecclesiam'saepius
626 1967 746 2029 quoque
784 1947 916 2010 »Christi
935 1948 1168 2032 Ecclesiam¹⁵)”
1190 1952 1270 2031 apud
1292 1973 1360 2014 eum
1383 1973 1433 2013 au·

297 2057 379 2124 dire,
406 2057 437 2115 et
467 2055 539 2114 alias
568 2053 606 2114 ob
632 2072 751 2122 causae,
780 2054 812 2113 ὁ)
833 2064 992 2134 propterea
1015 2074 1150 2134 quoque,
1176 2058 1257 2136 quod
1283 2078 1300 2118 a
1322 2057 1433 2119 Christi

298 2159 369 2220 inde
392 2158 526 2221 adventu
548 2167 693 2219 renovata
715 2158 937 2237 quodammodo
959 2156 1092 2219 Ecclesia
1114 2159 1172 2219 suit
1185 2161 1228 2242 18).

477 2363 500 2445 ς,
519 2364 547 2424 2.
591 2363 615 2423 Α
636 2381 690 2442 quo
711 2363 778 2424 tace
799 2370 922 2443 tempore
942 2362 1075 2426 Ecclesia
1096 2365 1259 2426 occulerit?

340 2569 404 2630 Hoc
422 2589 542 2651 quoque
561 2570 686 2631 Calvino
704 2589 772 2630 cum
791 2571 930 2630 omnibus
946 2571 1009 2632 sere
1026 2583 1098 2633 tunc
1114 2575 1258 2653 temporis
1275 2573 1436 2654 Theologis

298 2691 458 2736 commune
487 2684 569 2744 erat,
597 2675 680 2754 quod
706 2673 745 2734 ad
773 2675 879 2734 mundi
907 2676 1056 2755 originem
1085 2675 1235 2738 Ecclesiae
1257 2677 1436 2737 incunabala

299 2777 418 2840 solebat
438 2796 590 2838 revocare.
633 2775 835 2844 »ratemur,”
864 2777 976 2857 inquit,
1019 2797 1146 2840 »omnes
1175 2781 1217 2840 sic
1242 2790 1435 2860 propagatam

299 2881 414 2940 »luisse
441 2880 479 2940 ab
508 2881 596 2941 initio
617 2879 723 2940 mundi
745 2878 925 2947 Ecclesiam,
954 2893 989 2942 ut
1011 2884 1157 2944 continuo
1179 2885 1368 2944 saeculorum
1389 2903 1435 2944 or·

300 2982 393 3043 adine
416 2983 454 3043 cd
476 3001 649 3063 nocuoque
671 2985 829 3044 duraverit
850 2985 871 3065 ¹)
880 2983 905 3053 ,⁹¹
927 2997 1111 3066 quapropter
1153 2988 1371 3048 »statuendum
1389 2997 1436 3048 est

300 3087 440 3146 »nullum
468 3087 562 3148 fuisse
592 3086 630 3150 ab
660 3086 733 3148 orbe
763 3088 886 3148 condito
914 3097 1050 3169 tempus,
1079 3109 1140 3171 quo
1166 3090 1331 3152 Ecclesiam
1353 3111 1436 3152 snam

300 3188 403 3252 aucus
430 3209 492 3250 non
520 3189 662 3251 habuerit
681 3189 738 3271 ²),'’
759 3209 829 3251 nam
852 3195 956 3271 procul
978 3195 1072 3256 dubio
1114 3197 1293 3276 »religionis
1315 3206 1436 3257 nostrae

302 3295 484 3356 »exordium
504 3315 522 3355 e
543 3295 696 3356 creatione
718 3295 824 3355 mundi
845 3297 1010 3376 petendum
1029 3308 1075 3358 est
1091 3298 1141 3380 8).”
1173 3299 1262 3361 Hisce
1280 3311 1436 3362 consenta-

302 3416 394 3459 neum
426 3397 459 3457 in
490 3397 617 3458 historia
649 3395 859 3459 Ecclesiastica
888 3403 1066 3480 exponenda
1095 3403 1195 3464 ubivis
1224 3415 1327 3466 noster
1355 3415 1437 3468 retro

330 3645 350 3708 ⁹)
370 3646 452 3696 Praei.
474 3647 500 3694 ia
521 3643 570 3694 Ier.
594 3642 687 3696 XVIII.
709 3645 748 3696 18.
768 3645 796 3695 cl.
820 3647 881 3695 Inal.
904 3645 925 3698 I.
946 3647 969 3696 6.
994 3649 1021 3708 13
1043 3649 1126 3699 Praei.
1150 3651 1176 3700 ia
1199 3651 1283 3702 Ierem.
1307 3651 1372 3704 XIV.
1394 3655 1437 3714 14,

301 3725 375 3776 xxv.
394 3727 439 3786 aa
456 3725 526 3776 nom.
546 3725 573 3774 a
593 3726 607 3774 1
628 3725 681 3775 ro.
699 3727 775 3784 aaa,
793 3727 862 3776 aaa.
880 3727 921 3778 nr.
940 3729 1006 3779 rom.
1027 3730 1061 3780 11.
1079 3748 1102 3796 p.
1121 3731 1194 3790 aare,
1216 3733 1286 3786 aaa.
1304 3734 1355 3796 or,
1371 3735 1437 3788 rom.
1471 3724 1475 3730 '

301 3807 336 3856 II.
353 3803 425 3866 47012,
442 3806 512 3855 Hom.
530 3803 643 3856 XLVIII.
662 3805 695 3856 ib.
713 3806 787 3868 209b;
811 3810 893 3860 Pracl.
914 3813 940 3860 lo
962 3813 1026 3865 Dan.
1046 3813 1103 3862 VII.
1121 3813 1161 3876 27,
1179 3815 1222 3866 IX.
1244 3817 1289 3876 343
1313 3819 1375 3869 Inst.
1395 3820 1437 3872 IV.

303 3891 326 3939 1.
344 3889 372 3948 2;
390 3889 459 3938 Hom.
478 3887 634 3952 descende
645 3904 756 3954 persepe.
773 3890 840 3942 Tem.
858 3891 928 3942 VIII.
945 3909 969 3958 p.
989 3893 1058 3944 469⁸.

332 3969 362 4032 ¹⁰)
381 3971 442 4020 Insl.
461 3969 503 4018 IV.
522 3969 545 4020 1.
563 3969 587 4018 4.
689 3969 720 4032 ¹¹)
741 3973 826 4023 Comm.
844 3974 879 4023 od
895 3976 966 4026 Num.
984 3991 1004 4026 c.
1022 3973 1103 4027 XVII.
1119 3983 1143 4028 4.

236 4054 242 4066 '
332 4053 364 4116 ιἳ)
384 4051 521 4102 Commod
534 4051 614 4102 Ecce.
631 4066 652 4099 c.
671 4051 735 4104 XVI.
755 4055 1049 4110 o.es.1ast.lv.1.1.

331 4135 363 4196 ¹³)
384 4135 469 4190 Comae.
486 4133 521 4182 cd
535 4134 607 4184 Daui.
625 4149 645 4185 c.
665 4135 720 4186 VII.
740 4137 764 4187 6.

331 4215 363 4278 ¹⁴)
380 4217 441 4265 Ioci.
459 4214 509 4264 III.
527 4215 566 4266 20.
585 4217 625 4268 43.
643 4217 674 4268 cf.
691 4219 772 4268 Prael.
790 4220 817 4269 in
832 4219 916 4274 Eaecl.
935 4238 955 4272 c.
973 4221 1024 4276 XV.
1043 4226 1065 4277 t.

271 4316 273 4321 ·
332 4297 363 4359 ¹⁵)
382 4289 468 4346 Comm.
486 4295 521 4346 ad
536 4297 625 4349 Mallio.
643 4299 757 4350 XXVIII.
776 4301 819 4362 2ος
838 4303 920 4355 Praei.
937 4306 964 4354 ia
980 4307 1044 4358 Dan.
1063 4323 1083 4358 e.
1102 4308 1159 4361 VII.
1178 4311 1223 4374 14,
1241 4311 1338 4376 passim.

331 4378 363 4440 ¹⁶)
384 4377 469 4430 Contu.
487 4379 522 4430 nd
536 4379 625 4431 Malli.
644 4397 664 4433 c.
681 4383 747 4435 XVI.
765 4385 805 4434 18.

343 4459 364 4523 ¹)
387 4460 450 4512 Vero
465 4461 529 4514 Eccl.
546 4463 592 4529 roff.
610 4468 658 4518 rol.
675 4465 743 4516 Tem.
759 4467 829 4516 VIII.
846 4483 869 4532 p.
889 4467 959 4520 etth.
977 4469 1006 4520 cs.
1025 4473 1050 4520 el
1067 4471 1135 4527 279⁰.

342 4541 363 4608 ²)
381 4542 442 4594 Incl.
460 4541 503 4597 IV.
522 4544 545 4596 1.
563 4543 603 4598 17.
704 4546 724 4611 ³)
745 4549 829 4600 Oomm.
847 4549 874 4599 ia
890 4549 950 4617 opt.
968 4547 1002 4602 ΙΙ.
1021 4552 1061 4605 20.

1594 18 1602 97 t

1598 452 1607 585 l
