3228 5102
816 298 856 356 ll

273 495 430 556 »nascitur
458 497 625 566 invocatio,
657 497 728 560 inde
758 499 865 558 laudes
892 508 923 560 et
952 499 1117 578 gratiarum
1147 500 1296 568 actiones,
1327 519 1406 579 quae

273 599 469 662 ntcstimonin
509 613 579 662 sunt
606 602 688 666 eius,
717 621 807 681 quam
829 603 877 662 llli
900 602 1083 671 tribuantur,
1104 604 1218 682 gloriae
1236 603 1285 686 ¹)''.
1308 602 1338 664 Si
1368 605 1407 665 ad

274 720 326 763 cor
347 701 478 763 bominis
499 713 531 764 et
550 707 685 766 animum
707 707 840 766 refertur
872 707 1051 785 »praecipue
1078 707 1144 768 cius
1166 725 1234 786 pars
1255 705 1315 768 fide
1337 726 1406 768 con·

275 806 480 886 »tInetur³)''
510 817 541 868 et
578 809 651 868 »itte
681 809 803 869 demum
832 827 903 869 vere
931 809 1031 868 cultus
1060 807 1114 869 Dei
1146 821 1206 871 est:
1238 811 1340 870 vivere
1369 829 1407 871 ex

276 907 371 972 »Eius
393 921 552 990 praecepto
565 911 614 991 4).”
647 910 744 972 Habet
764 924 864 972 tamen
884 921 1008 972 externa
1027 931 1147 992 quoquc
1170 913 1407 982 »instrumenta

277 1024 333 1074 »ut
354 1031 463 1092 corpus
484 1032 544 1074 una
567 1033 634 1074 cum
657 1016 757 1074 animo
775 1017 806 1075 in
825 1017 925 1075 cultus
946 1015 1041 1074 divini
1063 1016 1248 1095 professione
1270 1037 1408 1078 exercea-

278 1127 352 1177 »tur
370 1114 419 1197 ὅ)”,
441 1117 472 1175 in
495 1115 605 1195 quibus
628 1127 728 1178 tumen
751 1117 880 1178 firmiter
897 1117 971 1203 haec
994 1121 1092 1178 valcat
1114 1120 1204 1180 ratio:
1237 1137 1409 1200 »quaeeun-

278 1238 359 1298 »que
381 1229 534 1280 tentamus
556 1230 677 1299 praeter
698 1223 783 1284 verbi
812 1224 877 1282 eius
904 1224 1054 1302 regulum,
1080 1232 1115 1282 ut
1143 1225 1253 1294 stulte,
1281 1225 1410 1304 insipida

280 1333 333 1384 »et
366 1331 481 1384 temere
514 1335 651 1404 suscepta
679 1327 865 1406 repudianda
891 1343 956 1386 esse
974 1325 1027 1406 6).’,’
1077 1324 1168 1387 Cuius
1189 1330 1342 1409 praecepti
1364 1347 1410 1388 ae·

279 1428 486 1488 curatissImac
519 1428 723 1490 observationi
756 1439 875 1490 tantum
907 1439 1011 1490 noster
1043 1428 1166 1499 tribuit,
1199 1441 1233 1490 ut
1275 1432 1411 1493 »idolum

280 1531 422 1591 »adorari
444 1530 619 1613 (opinetur),
642 1534 766 1594 simulac
794 1534 934 1594 illicitum
963 1532 1036 1610 quid
1065 1533 1222 1611 irrepserit
1240 1532 1290 1614 ⁷).''
1332 1533 1411 1604 Quin

279 1634 341 1694 imo
360 1634 506 1694 illibatam
525 1635 625 1694 cultus
643 1636 806 1714 puritatem
836 1634 989 1713 apamiae,
1010 1635 1159 1713 cognatis,
1181 1635 1261 1694 vitae
1280 1635 1412 1716 denique

281 1737 532 1817 »praeferendam
551 1747 654 1798 censet
672 1738 725 1818 8).”
769 1735 919 1798 Sacrificm
942 1737 1090 1818 inprimis,
1113 1756 1173 1817 quo
1197 1739 1320 1800 tandem
1342 1758 1413 1800 cuu-

281 1859 339 1921 que
361 1843 577 1921 appellitentur
598 1842 737 1910 nemiue,
758 1843 789 1902 in
812 1860 924 1921 genere
949 1851 1053 1900 noster
1073 1841 1189 1921 respuit
1210 1851 1242 1901 et
1263 1841 1414 1903 abomina-

282 1956 341 2006 tur.
384 1947 414 2006 Si
436 1946 488 2024 qui
511 1956 613 2006 tamen
636 1947 713 2014 sint,
734 1947 785 2024 qui
807 1944 946 2006 sacrificii
968 1945 1147 2005 vocabulum
1169 1947 1207 2006 ad
1229 1965 1327 2006 sacras
1353 1965 1413 2006 om·

281 2067 335 2110 nes
358 2051 543 2110 ceremonias
564 2060 595 2110 et
617 2051 773 2129 religiosas
795 2050 930 2110 actiones
951 2049 1134 2119 extendant,
1162 2050 1193 2110 in
1219 2050 1281 2110 duo
1302 2068 1415 2129 genera

282 2153 382 2213 omnic
403 2163 507 2214 nostra
526 2153 671 2214 sacrificia
689 2153 900 2214 distribuenda
918 2171 982 2212 esse
1001 2163 1118 2222 censet,
1139 2171 1268 2232 quorum
1287 2155 1415 2214 alterum

282 2260 472 2336 λαιρευτικόν
494 2265 525 2316 et
547 2258 725 2331 σεβαστικόν
747 2255 903 2314 nominare
926 2267 1051 2332 cuperet
1069 2254 1108 2331 ⁹),
1141 2257 1301 2334 »quoniam
1325 2274 1414 2315 vene·

283 2362 422 2422 »ratione
451 2360 595 2438 cultuque
625 2358 679 2419 bei
709 2367 843 2426 constat,
871 2375 961 2436 quem
990 2358 1033 2416 illi
1063 2357 1169 2418 fideles
1195 2368 1227 2418 et
1248 2358 1362 2420 debent
1383 2367 1415 2418 et

282 2464 452 2533 »reddunt;
482 2465 530 2524 vel
560 2463 584 2522 si
613 2462 723 2530 mavIs,
755 2465 982 2539 εὐχαριστικόνε
1015 2461 1259 2540 quandoquidem
1286 2461 1415 2520 anullis

283 2566 368 2628 »beo
389 2567 564 2635 exhibetur,
586 2567 644 2626 nisi
667 2567 719 2645 qui
740 2566 895 2626 immensis
916 2566 981 2625 eius
1003 2564 1159 2625 beneficiis
1181 2566 1295 2632 onusti,
1317 2582 1348 2624 se
1370 2574 1415 2624 to·

282 2681 351 2731 »tos
370 2671 414 2730 illi
433 2670 613 2751 rependunt.
657 2668 794 2729 Alterum
817 2669 1135 2748 propitiatorium...
1162 2669 1211 2728 cui
1229 2669 1416 2748 propositum

283 2784 353 2833 »est
381 2775 457 2833 iram
487 2771 540 2832 llei
570 2771 721 2852 placare;’'
751 2771 831 2850 quod
855 2781 955 2830 tamen
996 2771 1129 2832 »Christi
1152 2773 1240 2832 unica
1263 2770 1416 2832 oblatione

283 2895 394 2937 »omne
413 2876 591 2957 praestitum
609 2885 656 2936 est
674 2885 765 2954 atque
784 2886 1036 2945 consummatum;
1055 2877 1191 2956 adeoque
1207 2875 1283 2936 nihil
1298 2876 1417 2945 deesse,

284 2992 340 3040 »ut
362 2981 464 3040 nullus
485 2989 590 3059 postea
611 2979 695 3039 locus
717 2979 805 3038 alteri
827 2978 944 3039 hostiae
966 2979 1192 3058 relinqueretur
1211 2979 1273 3062 ¹⁰).”
1305 2978 1417 3040 Solem·

283 3085 331 3144 nis
360 3093 461 3144 autem
491 3083 585 3144 totius
606 3081 758 3142 Ecclesiae
779 3083 880 3142 cultus
902 3081 1041 3162 precibus
1062 3083 1250 3162 potissimum
1279 3093 1311 3144 et
1332 3083 1417 3163 hym·

283 3207 391 3250 norum
421 3196 586 3254 concentu,
615 3195 649 3247 ut
678 3195 709 3246 et
737 3185 856 3246 dicrum
884 3186 1031 3246 festorum
1057 3186 1262 3246 celebratione
1284 3187 1418 3248 coutine-

284 3301 335 3354 tur
355 3290 405 3372 ¹¹),
427 3291 465 3351 de
487 3290 597 3369 quibus
619 3290 860 3370 singulisvverbo
882 3291 976 3370 igitur
997 3291 1157 3352 dicendum
1180 3300 1284 3350 restat.

324 3415 350 3454 a.
382 3393 485 3454 Preces
513 3393 544 3452 in
573 3392 694 3472 publico
722 3392 874 3454 Ecclesiae
903 3405 1055 3454 conventu
1087 3394 1263 3454 solemniter
1291 3393 1419 3454 sundere

284 3497 385 3568 iubet,
424 3506 480 3557 »ut
509 3494 606 3556 Deum
633 3497 785 3556 communi
811 3515 871 3557 una
901 3516 974 3558 voce
1003 3509 1034 3558 ct
1056 3499 1150 3560 veluti
1179 3498 1286 3559 eodem
1315 3515 1420 3559 ornnes

326 3794 346 3856 ²)
365 3793 403 3842 De
419 3806 469 3840 nee.
486 3789 532 3855 res.
550 3790 614 3840 Eccl.
632 3789 698 3838 Tem.
717 3787 787 3840 VIII.
805 3789 846 3838 44.
864 3788 893 3838 cl.
911 3789 972 3840 Inrt.
990 3788 1024 3838 II.
1043 3789 1065 3838 8.
1085 3788 1123 3839 to.

326 3875 346 3937 ³)
369 3875 431 3925 Vera
448 3873 513 3922 Ecol.
530 3872 577 3937 ref.
594 3876 642 3922 rat.
659 3871 726 3920 Tem.
742 3870 814 3922 VIII.
833 3871 902 3924 278³.

327 3957 347 4017 ⁴)
368 3957 452 4004 Ocmm.
471 3953 506 4002 ad
521 3954 582 4018 Epi,
599 3952 628 4002 V.
647 3953 670 4002 9.
688 3953 718 4004 ci.
736 3953 781 4018 ep.
802 3953 866 4002 Calo.
884 3951 920 4002 od
934 3951 1035 4002 amicum
1053 3953 1084 4002 N.
1102 3951 1168 4003 Tem.
1187 3951 1257 4001 VIII.
1274 3950 1345 4002 455).

326 4037 346 4098 ὅ)
365 4037 402 4087 Cf.
420 4049 560 4086 senenses.
578 4051 599 4085 o.
612 4033 629 4086 l.
648 4035 696 4084 III.
714 4051 739 4100 p.
756 4035 813 4085 460.

329 4122 349 4183 ⁶)
370 4121 454 4170 Coram.
472 4119 507 4168 ad
523 4120 589 4180 Rom.
607 4117 664 4167 XII.
684 4119 706 4168 1.
725 4117 754 4166 ci.
773 4117 807 4167 ad
823 4117 872 4168 Iac.
890 4117 924 4166 Il.
944 4119 983 4169 10.
1002 4121 1026 4167 el
1042 4120 1103 4170 Inat.
1121 4117 1164 4168 IV.
1182 4119 1222 4168 10.
1241 4117 1281 4170 IV.

328 4201 348 4264 ⁷)
366 4203 403 4252 Dc
415 4201 506 4251 uland.
518 4204 619 4266 ruperat.
631 4200 698 4250 Tem.
711 4199 781 4250 VIII.
799 4198 870 4250 teob.
888 4201 918 4251 de
928 4201 986 4267 sup.
997 4201 1052 4265 imp.
1064 4201 1099 4250 ill.
1112 4216 1173 4250 sacr.
1185 4199 1252 4251 Vom.
1264 4199 1337 4252 VIII.
1350 4196 1421 4250 4135.

328 4281 349 4344 ⁸)
366 4285 404 4333 De
421 4281 512 4332 mtcnd.
531 4284 636 4347 Superat.
654 4279 720 4332 Tem.
738 4281 809 4331 vttt.
826 4283 895 4330 452⁸.

329 4365 428 4427 ⁹)Inct.
446 4363 489 4412 IV.
507 4360 546 4412 18.
564 4365 604 4414 13.
622 4364 650 4414 cl.
668 4363 710 4413 IV.
730 4365 769 4413 18.
787 4365 832 4424 12,
850 4364 895 4424 14,
913 4364 952 4412 16.

319 4447 351 4510 ¹⁰)
368 4449 429 4498 Iasi.
446 4446 489 4495 IV.
508 4447 548 4495 18.
567 4447 605 4496 13.
625 4449 710 4502 Comrn.
727 4447 763 4498 od
778 4448 792 4496 1
810 4448 877 4501 Iccio.
895 4444 930 4498 ΙΙ.
950 4446 972 4498 1.

320 4529 352 4605 p)
370 4528 431 4592 Ioci.
449 4525 492 4577 IV.
510 4526 550 4585 10.
569 4527 608 4578 29.
