3228 5102
859 296 899 354 50

309 492 448 573 »Corpus
469 494 546 556 adeo
567 493 676 556 Christi
700 495 887 574 vegetandae
910 512 943 554 ac
965 491 1163 554 vivilicandae
1185 490 1302 550 animae
1320 496 1444 547 nostrae

310 598 438 658 »unicus
464 597 549 660 cibus
575 609 629 660 eat.
654 597 752 668 ,Quos
774 598 869 677 igitur
890 616 962 658 usus
984 597 1101 676 corpori
1125 595 1227 655 vinum
1249 591 1351 660 affert,
1379 607 1444 650 eos·

310 698 403 762 »dem
440 701 639 780 spiritualiter
677 700 863 785 alierluntcr)
899 700 986 760 nobis
1026 698 1137 760 Christi
1177 697 1340 776 sanguiue,
1372 701 1445 753 sunt

311 813 451 872 sautem,
473 803 593 874 lovere,
616 803 757 873 relicere.
780 804 979 873 confirmare,
1001 802 1170 864 exhilarare
1185 799 1250 880 15).”
1281 797 1445 876 Propterea

311 917 413 974 autem
434 907 551 969 fructus
568 908 635 970 illos
653 907 739 968 nobis
757 907 862 975 affert,
884 907 965 986 quod
998 906 1050 966 ain
1069 923 1164 965 unum
1179 920 1288 982 corpus
1305 918 1360 960 nos
1375 916 1445 958 cum

311 1007 455 1072 »Christo
475 1011 644 1073 coilcscere
665 1010 753 1079 lacit,
775 1021 810 1070 ut
828 1009 977 1090 quidquid
997 1009 1091 1088 ipsius
1109 1008 1165 1076 sit,
1187 1017 1326 1068 nostrum
1344 1002 1446 1065 vocari

311 1112 483 1194 »licet⁸‘).”
536 1112 620 1176 Tunc
648 1131 768 1193 quoque
794 1113 976 1174 confessioni
1005 1121 1127 1172 nostrae
1155 1110 1298 1178 inservit,
1341 1105 1446 1186 »quod

311 1216 415 1276 renim
443 1216 584 1278 iubemur
611 1227 741 1278 mortem
768 1215 886 1276 llomini
915 1215 1113 1284 annuntiare,
1133 1247 1174 1260 -
1193 1231 1256 1272 non
1278 1210 1361 1271 aliud
1382 1218 1443 1278 est,

310 1319 392 1378 »nisi
424 1329 460 1382 ut
491 1321 552 1380 oris
583 1320 772 1382 consessione
805 1319 1029 1400 praedicemus,
1061 1317 1142 1396 quod
1174 1316 1250 1376 fides
1281 1323 1384 1374 nostra
1413 1312 1447 1371 iu

311 1432 522 1485 »sedimento
540 1424 681 1504 agnovit,
699 1433 830 1484 mortem
848 1441 887 1484 sc.
907 1421 1020 1482 Christi
1038 1431 1173 1482 nostram
1190 1437 1256 1480 esse
1274 1419 1368 1479 vitam
1378 1415 1445 1497 ‘'l''

310 1520 446 1603 Demque
468 1525 689 1590 exhortationis
710 1528 777 1588 loco
799 1526 887 1586 nobis
908 1544 974 1586 esse
997 1524 1097 1586 debet.
1130 1521 1227 1592 »Quis
1249 1523 1330 1582 enirn
1349 1519 1448 1581 acrior

310 1627 487 1691 »admoveri
518 1631 659 1692 stimulus
689 1639 807 1710 poterat
836 1629 874 1690 ad
900 1628 1091 1690 excitandam
1119 1637 1256 1688 mutuam
1281 1627 1362 1686 iuter
1390 1641 1447 1684 nos

310 1729 527 1802 »charitatem
556 1753 646 1812 quam
674 1734 747 1794 dum
776 1732 913 1794 Christus
939 1750 971 1794 se
999 1733 1097 1811 Ipsum
1122 1730 1210 1790 nobis
1231 1729 1363 1796 donans,
1392 1743 1447 1786 suo

310 1836 488 1914 aexempIo,
516 1846 551 1896 ut
580 1837 768 1896 alteralteri
790 1854 844 1896 nos
866 1847 973 1898 mutuo
994 1835 1197 1896 devoreamus
1219 1851 1253 1892 ac
1277 1831 1446 1899 tradamus,

311 1936 443 1997 »Invitat
453 1936 518 2018 ⁸⁸).”
561 1936 717 2008 Quatenus
746 1949 849 2002 autem
879 1948 1116 2006 sacramentann,
1145 1937 1226 1998 unde
1256 1946 1318 1995 tam
1346 1932 1447 1994 multi·

308 2039 376 2117 plen
405 2040 437 2100 in
465 2058 521 2102 nos
549 2041 667 2104 fructus
695 2043 862 2111 redundat,
891 2041 1060 2104 necessarie
1093 2041 1134 2100 sit
1169 2060 1186 2098 a
1222 2037 1346 2098 Calvino
1378 2053 1447 2096 cum

309 2142 406 2205 salute
435 2154 538 2206 nostra
566 2146 778 2214 coniunctum,
808 2147 850 2206 ita
877 2156 913 2206 nt
934 2146 1000 2206 siae
1022 2143 1128 2205 scdulo
1150 2143 1216 2202 eins
1236 2159 1295 2201 usu
1316 2147 1448 2217 nequeat

311 2263 328 2304 a
356 2245 445 2330 nohis
470 2258 628 2310 aeternum
651 2250 778 2312 exitium
801 2250 914 2318 averti,
940 2267 978 2308 ex
1000 2249 1052 2317 iis,
1080 2265 1157 2326 quae
1179 2263 1270 2324 supra
1292 2245 1330 2304 de
1352 2260 1447 2302 sacra·

309 2347 423 2412 mentis
440 2346 472 2406 in
491 2367 603 2428 genere
622 2349 769 2418 diximus,
789 2350 862 2410 satia
881 2359 948 2410 tute
968 2349 1080 2429 poterit
1098 2345 1185 2408 effici.
1218 2343 1314 2406 SImul
1333 2355 1448 2412 tamen,

310 2449 342 2508 e't
364 2448 395 2508 in
418 2446 475 2510 hoc
497 2451 690 2528 quaestione,
712 2452 743 2512 dt
765 2453 796 2517 in
819 2453 944 2531 reliquis
967 2451 1122 2519 omninno,
1149 2467 1227 2528 quae
1248 2456 1449 2509 sacramento·

310 2568 378 2616 rum
397 2551 532 2614 indolem
553 2564 644 2634 etque
667 2573 756 2616 usum
778 2565 931 2634 spectant,
954 2554 1046 2634 probe
1065 2553 1233 2616 tenendum
1254 2561 1317 2620 cst,
1345 2567 1448 2610 »arca-

313 2671 408 2714 anum
434 2654 478 2735 (id
506 2657 575 2738 esse)
596 2658 792 2736 mysterium,
821 2658 870 2721 cui
892 2676 948 2720 nec
969 2675 1055 2720 mens
1076 2657 1165 2736 plane
1186 2655 1365 2734 cogitando,
1391 2669 1450 2712 nco

314 2755 439 2836 »lingua
462 2759 640 2839 explicando
660 2779 715 2850 par
736 2779 801 2824 esse
822 2759 998 2842 potest⁶⁹).”

416 2959 448 3024 Β.
481 2962 741 3026 Saenannnroaun
762 2983 998 3026 anmmsrnano.

356 3086 382 3127 a.
413 3066 456 3127 lle
487 3069 676 3130 accrementis
705 3069 738 3129 in
768 3088 879 3148 penae.
926 3067 1013 3138 Quod
1045 3067 1077 3130 in
1110 3075 1367 3130 sacramentorum
1390 3080 1449 3124 usu

316 3169 495 3252 utrobique,
517 3173 632 3234 tamin
654 3172 818 3256 baptismo,
841 3191 930 3254 quam
952 3172 985 3232 in
1007 3190 1029 3231 s
1052 3170 1168 3242 Coena,
1189 3171 1286 3232 slmile
1309 3179 1370 3238 est,
1391 3166 1451 3227 huc

316 3271 381 3334 lere
409 3275 497 3336 redit.
537 3274 798 3342 Sacramentomm
825 3275 1047 3336 administratio
1069 3275 1108 3336 ad
1129 3275 1208 3335 solos
1229 3283 1366 3354 pastores
1387 3288 1452 3351 por·

317 3375 397 3436 tiuet
415 3377 460 3458 ll).
513 3376 600 3448 Quod
639 3390 741 3440 tamen
780 3378 991 3444 tantummodo
1030 3377 1111 3440 valet
1143 3377 1175 3436 In
1207 3375 1342 3438 Ecclesia
1374 3374 1452 3436 benc

348 3627 380 3690 ⁶⁶)
398 3628 459 3679 Ioci.
476 3627 519 3679 IV.
537 3627 578 3682 17.
596 3627 620 3680 3.
638 3627 667 3679 cf.
685 3625 728 3677 IV.
749 3627 776 3688 V,
794 3626 839 3688 32,
858 3625 899 3679 37.

349 3709 519 3773 ⁶⁶)1mt.IV.
538 3711 578 3765 17.
595 3709 620 3759 8.
720 3706 752 3770 ⁰⁷)
770 3711 831 3760 raet.
848 3708 891 3759 IV.
909 3705 950 3759 17.
968 3705 1009 3760 87.

347 3791 379 3856 ⁶⁸)
398 3796 459 3845 Ince.
476 3793 519 3843 IV.
538 3793 578 3846 17.
596 3792 636 3842 38.
657 3791 687 3844 ci.
704 3791 747 3841 IV.
766 3791 806 3845 17.
824 3792 864 3841 18.
886 3791 924 3840 De
943 3791 1022 3841 Coena
1038 3789 1107 3839 Dona.
1124 3787 1192 3837 Ilum
1209 3784 1282 3838 VIII.
1300 3783 1341 3846 dl,
1360 3785 1400 3846 82,
1418 3784 1456 3834 Vb.

320 3877 374 3926 cac.
394 3877 452 3928 Gen.
469 3875 537 3926 Tem.
552 3873 623 3925 VIII.
642 3874 694 3928 ata.
714 3874 782 3938 Confi
792 3873 841 3938 fid.
857 3890 882 3923 n.
900 3874 969 3925 Eccl.
990 3873 1053 3923 Gall.
1070 3870 1138 3920 I'om.
1150 3869 1221 3921 VIII.
1239 3869 1292 3924 873Ι
1314 3869 1378 3919 Vera
1392 3866 1458 3919 Ecol-

318 3959 367 4024 ref.
384 3963 431 4008 ναι.
448 3958 515 4008 Tum.
532 3956 603 4006 VIII.
622 3954 694 4006 282b.
1422 4005 1431 4024 Ι

348 4041 461 4104 8)]451.
482 4039 526 4090 IV.
548 4039 588 4094 17.
611 4038 635 4088 8.
658 4036 688 4087 cl.
709 4035 752 4086 IV.
776 4035 816 4089 17.
840 4035 881 4085 32.
909 4035 977 4101 Coris.
997 4034 1046 4100 fid.
1067 4051 1091 4084 n.
1116 4033 1184 4098 Eccl.
1210 4032 1273 4082 dall.
1296 4029 1364 4082 'Iam
1386 4027 1458 4082 VIII.

320 4121 375 4176 Vll.
392 4149 426 4160 -
442 4124 467 4170 at
478 4132 618 4170 scaenam.
635 4135 657 4168 ο.
665 4118 683 4167 1.
702 4118 723 4168 I.
736 4118 792 4168 561.
809 4129 947 4176 norrun,
969 4115 1099 4181 symbolik,
1116 4114 1140 4166 S.
1155 4113 1213 4162 435.
1231 4125 1304 4162 nasu.
1321 4113 1365 4162 Ec.
1376 4113 1459 4180 Depre.

320 4207 379 4260 447.
401 4207 438 4269 (50
455 4203 501 4266 ed.)
519 4215 613 4254 wmn.
633 4203 711 4266 Gomp.
728 4203 811 4252 Daret.
829 4200 872 4251 des
888 4201 973 4250 deliro.
991 4199 1035 4249 der
1052 4200 1141 4248 veracli.
1165 4197 1250 4248 Kirch.
1267 4195 1325 4260 Lpz.
1343 4194 1416 4244 1824.
1434 4193 1458 4244 S.

320 4287 369 4338 133
392 4303 426 4353 eq.
449 4297 615 4337 uaeuneaon.
638 4285 821 4349 Dopmenpesch.
847 4285 917 4344 (vers.
938 4281 1002 4345 belg.
1025 4281 1091 4330 1858
1112 4296 1135 4344 p.
1153 4279 1219 4342 385.)
1239 4291 1316 4332 nana.
1334 4277 1418 4328 Ielrb.
1436 4275 1460 4328 d.

321 4371 371 4421 cir.
388 4369 570 4435 Dopmcnpeselr.
589 4367 615 4416 2³
632 4365 669 4416 ed.
686 4365 710 4417 S.
729 4365 786 4416 338.
802 4365 886 4414 nonen
903 4362 954 4414 ο.1.
972 4379 996 4427 p.
1015 4364 1046 4412 18
1065 4378 1113 4428 sq„
1132 4362 1172 4413 24.

298 4471 300 4476 ·
347 4449 379 4514 70)
401 4450 468 4516 Ocra.
478 4449 526 4516 fid.
544 4466 569 4502 n,
584 4448 647 4499 decl.
667 4447 730 4499 aaa.
748 4447 815 4498 Tem.
832 4445 903 4496 VIII.
922 4445 962 4494 98.
979 4445 1220 4512 nolueramus.
1237 4441 1461 4496 nonam.1.42tl.

320 4535 378 4588 mit.
394 4533 421 4584 in
437 4535 485 4585 art.
494 4532 551 4598 ser.
571 4531 650 4584 Ilicet
663 4544 720 4596 par.
738 4527 806 4580 nm.
824 4527 896 4581 VIII.
914 4525 988 4580 174).
1325 4549 1328 4556 ’
