3240 5100
750 310 807 370 145

207 509 252 569 »si
282 516 332 570 col
357 508 505 591 flagitium
529 511 626 590 ipsum
648 511 691 570 ita
713 512 772 570 iam
794 511 943 578 innotuit,
965 519 999 569 ut
1021 509 1111 569 celari
1134 509 1193 567 iam
1215 508 1342 587 amplius

205 639 217 665 »
227 633 288 674 non
318 616 426 693 possit,
444 621 507 675 out
534 615 694 675 manifesta
716 626 907 695 contemptus
929 613 1039 673 indicia
1056 612 1259 690 adspiciuntur
1271 609 1340 690 33).”

205 717 388 798 Ceteroquin
417 721 537 779 nonnisi
565 738 613 780 rcs
635 721 753 780 delatae
775 740 791 779 a
815 719 984 778 ministerio
1006 715 1133 776 iudicari
1154 714 1283 782 debent,
1304 731 1340 773 eo

205 832 306 882 tamen
328 834 430 902 pacto,
453 834 487 882 ut
510 825 681 884 »accusatio
703 825 824 884 nonnisi
847 822 902 882 sul»
924 822 1009 902 gravi
1031 831 1063 880 ct
1085 819 1144 879 side
1167 819 1260 896 digno
1283 827 1339 876 tes-

204 928 354 986 »timonio
366 927 418 987 liat
430 928 497 1008 ²³).’'
521 927 577 988 Ubi
594 938 694 987 autem
708 947 756 988 rcs
767 929 866 987 delata
879 937 940 994 cst,
959 925 1045 985 citari
1064 942 1135 983 reus
1150 932 1181 982 ct
1204 921 1256 979 »in
1276 920 1339 998 ipso

204 1043 315 1090 »coctu
328 1033 480 1091 seniorum
493 1031 549 1091 sub
561 1031 619 1091 side
633 1033 746 1091 silentii
759 1030 941 1111 reprehendi
953 1029 1155 1107 redarguique
1168 1025 1259 1085 dehet
1268 1024 1338 1103 33);”

202 1135 313 1196 deinde
344 1137 469 1214 »agnita
496 1136 610 1215 pcccati
640 1137 686 1195 sui
715 1137 800 1215 culpa
823 1137 905 1194 illam
929 1134 975 1193 vel
998 1132 1078 1212 apud
1100 1141 1220 1190 coetum
1242 1129 1338 1207 ipsum

202 1236 374 1299 »Ecclesiae
394 1239 467 1319 23),”
501 1242 549 1299 vel
582 1240 683 1320 »apud
716 1251 836 1300 coetum
868 1239 1075 1298 ministrorum
1109 1231 1339 1314 deprecari²⁸).''

202 1341 257 1401 Ubi
280 1353 385 1402 contra
408 1344 548 1422 »eulpam
570 1363 653 1404 suam
677 1363 774 1422 neque
797 1361 973 1424 agnoscere,
994 1360 1093 1419 neque
1116 1336 1272 1418 deprecari
1291 1353 1339 1393 ve·

202 1447 272 1516 »lit,
301 1447 432 1506 ministri
462 1457 493 1506 ct
520 1448 653 1507 seniores
676 1445 828 1506 Ecclesiae
852 1446 1089 1526 progrediuntur
1112 1461 1205 1522 usque
1228 1440 1266 1500 ad
1289 1457 1338 1497 ex·

202 1549 525 1608 »communicationem
538 1549 610 1629 33);”
640 1568 698 1626 qua
722 1549 752 1608 in
775 1568 807 1608 rc
830 1559 931 1608 tamen
960 1566 1059 1608 moras
1080 1557 1201 1606 nectere
1225 1543 1338 1603 debent

200 1652 332 1711 ministri
354 1672 388 1711 ac
410 1652 487 1712 nihil
509 1653 656 1712 intactum
679 1653 869 1731 relinquere,
891 1672 928 1712 an
947 1652 1025 1712 forte
1045 1652 1082 1711 ad
1101 1648 1338 1729 resipiscentiam

200 1757 365 1833 perducere
398 1775 483 1816 rcum
521 1768 634 1835 queant
652 1756 696 1837 ²⁸).
740 1755 797 1825 Qui
831 1767 932 1816 autem
966 1756 1017 1815 tali
1052 1755 1163 1814 iudicio
1207 1751 1337 1811 »resecti

201 1871 293 1920 »sunt
313 1860 351 1919 ab
373 1859 506 1923 Ecclesia
519 1862 554 1940 ²⁹)
576 1871 607 1920 ct
627 1858 755 1920 Satanae
775 1861 879 1920 traditi
893 1860 962 1941 ³⁰),’'
986 1859 1183 1918 nihilominus
1202 1855 1338 1914 »serendi

200 1974 324 2024 »tamen
354 1974 424 2024 sunt
453 1965 484 2024 in
515 1964 641 2043 publicis
671 1962 821 2024 Ecclesiae
851 1963 1046 2024 concionibus
1065 1961 1141 2034 ³¹),''
1165 1971 1195 2019 et
1218 1959 1337 2038 publica

199 2068 387 2146 poenitentia
409 2069 491 2128 edita
513 2081 635 2148 paratus
657 2069 693 2128 iis
715 2069 754 2127 sit
776 2069 917 2128 solemnis
939 2069 970 2126 in
994 2065 1143 2125 Ecclesiae
1162 2065 1336 2123 societatem

199 2171 316 2230 reditus
329 2171 375 2251 ³²).
419 2170 498 2230 Talis
528 2182 628 2230 autem
656 2172 831 2250 disciplinae
861 2172 941 2230 inter
970 2169 1120 2228 Ecclesiae
1148 2168 1245 2266 socioq
1266 2185 1337 2226 usus

200 2275 276 2334 tanti
296 2275 500 2334 aestimandus
518 2285 578 2344 est,
596 2286 630 2333 ut
649 2275 714 2334 eius
733 2294 786 2354 per
806 2285 850 2334 tot
869 2274 1057 2336 saeculorum
1077 2273 1236 2332 decursum
1250 2272 1336 2330 omis·

200 2377 243 2436 sio
261 2395 349 2436 causa
369 2378 509 2456 primaria
529 2378 667 2438 habenda
687 2379 725 2438 sit
755 2379 874 2438 »omnis
886 2377 1119 2457 profanationis,
1142 2376 1336 2452 omniumque

200 2480 371 2540 »abusuum
401 2492 431 2542 et
461 2484 557 2542 omnis
585 2482 770 2561 tyrannidis,
793 2501 869 2561 quac
892 2481 948 2541 sub
971 2461 1081 2560 papatu
1104 2482 1134 2540 in
1158 2480 1230 2540 orbe
1253 2478 1336 2538 Chri-

199 2582 317 2642 »stiano
338 2583 396 2642 suit
409 2583 477 2662 ⁸³).''
521 2582 682 2644 Praeterea
704 2585 864 2663 peculiaris
885 2585 977 2643 ctiam
1000 2584 1076 2642 inter
1093 2583 1170 2661 ipsos
1188 2583 1337 2642 Ecclesiae

198 2685 344 2745 ministros
372 2685 544 2764 disciplinae
564 2706 634 2746 osas
657 2689 838 2766 requiritur,
861 2697 916 2746 »ut
939 2688 1018 2767 apud
1040 2706 1092 2748 cos
1115 2699 1200 2747 tanto
1222 2689 1336 2748 inaiorc

200 2791 380 2850 »severitate
397 2801 517 2870 agatur,
536 2801 649 2869 quanto
668 2792 762 2870 magis
778 2802 848 2850 sunt
868 2793 1002 2870 exposita
1015 2793 1109 2851 oculis
1120 2792 1256 2870 exempla
1269 2791 1335 2870 33).”

103 2963 106 2968 Ι
200 2891 349 2952 Ecclesiae
372 2894 466 2972 igitur
490 2896 659 2963 »ministri,
687 2897 821 2954 seniores
843 2915 876 2955 ac
898 2897 1033 2963 diaconi,
1055 2897 1104 2954 alii
1128 2915 1181 2974 pro
1204 2896 1270 2954 aliis
1292 2913 1336 2954 se·

201 2995 296 3055 »dulo
318 2997 379 3055 sint
401 2997 535 3064 solliciti,
557 3009 592 3058 ut
614 3000 638 3058 si
661 3018 749 3076 quem
776 3000 856 3058 inter
875 3018 905 3058 sc
925 2999 1048 3058 videant
1067 3000 1336 3078 negligentiorem,

200 3099 361 3178 »protinus
383 3099 528 3178 gradihus
550 3102 791 3161 admonitionum
813 3103 1017 3182 ntantur³⁵).”
1063 3101 1102 3161 Ut
1131 3102 1261 3180 deniqne
1287 3103 1335 3162 vcl

199 3204 343 3264 levissimi
359 3205 469 3264 altusus
481 3204 757 3284 deprehendantur,
777 3207 894 3285 saepius
914 3207 1093 3284 »peculiaris
1111 3207 1334 3273 ministrorum,

201 3310 375 3368 »seniorum
397 3331 431 3369 ac
456 3310 652 3370 diaconorum
674 3311 823 3370 habeatur
844 3321 1011 3370 conventus
1029 3310 1102 3388 ³⁶],”
1131 3310 1160 3368 in
1190 3327 1249 3386 quo
1277 3308 1334 3367 hoc

200 3411 345 3491 imprimis
366 3425 489 3493 agatur,
511 3425 545 3474 ut
567 3415 722 3475 doctrinae
746 3415 860 3494 puritas
885 3431 1107 3491 consensusque
1132 3413 1282 3472 unanimis
1303 3423 1334 3471 ct

228 3757 259 3817 33)
277 3757 363 3804 Formo
380 3771 409 3804 oc
425 3758 471 3804 rot.
490 3756 545 3805 min.
564 3755 639 3805 Lond.
658 3771 681 3819 p.
700 3755 755 3805 282.
775 3755 811 3806 Cs.
829 3755 860 3804 ib.
879 3755 939 3815 273,
959 3756 1015 3803 291.

228 3839 259 3901 33)
277 3838 312 3889 lb.
330 3855 354 3903 p.
373 3839 429 3887 294.
448 3837 485 3887 Cl.
503 3837 536 3886 ib.
555 3839 610 3887 292.
712 3839 743 3902 33)
763 3837 799 3888 lb.
817 3855 839 3902 p.
859 3839 915 3889 292.
1018 3838 1048 3898 ²⁵)
1067 3837 1103 3886 lb.
1121 3853 1145 3902 p.
1163 3839 1221 3886 306.

227 3921 258 3982 33)
277 3920 314 3970 lb.
332 3937 356 3985 p.
375 3922 431 3969 203.
450 3921 486 3970 Ci.
505 3921 536 3970 ib.
555 3939 579 3986 p.
598 3923 658 3981 299,
678 3923 738 3980 301,
757 3923 813 3970 304.
915 3921 945 3983 37)
964 3921 999 3970 lb.
1018 3937 1041 3985 p.
1060 3920 1115 3969 293.
1134 3920 1170 3970 cf.
1188 3919 1220 3969 ib.
1239 3922 1295 3972 333.

227 4002 258 4065 33)
277 4003 313 4053 lb.
344 4020 367 4068 p.
393 4004 533 4053 teo—303.
561 4005 596 4053 Cf.
620 4004 653 4054 ib.
677 4005 737 4064 340,
762 4006 818 4054 356.
849 4005 961 4053 Celerum
986 4004 1253 4052 excommunicationem
1279 4020 1333 4054 cuni

199 4085 324 4134 charitatis
346 4084 399 4146 lege
424 4100 471 4133 non
497 4101 613 4150 pugnare,
639 4087 679 4135 sed
702 4077 766 4136 rer·
777 4103 818 4150 per
838 4103 888 4136 cern
910 4087 984 4150 exigi,
1003 4087 1149 4136 demonstrat
1170 4087 1202 4138 il».
1221 4088 1277 4139 348.
1296 4089 1332 4138 Cs.

198 4167 260 4226 273,
279 4167 340 4225 341,
359 4167 416 4215 350.
551 4171 582 4229 33)
601 4169 636 4217 lb.
653 4185 678 4233 p.
696 4170 753 4218 343.

227 4249 258 4310 33)
277 4249 313 4299 Ib.
330 4265 354 4313 p.
373 4248 429 4296 344.
448 4249 483 4299 Cf.
502 4265 525 4313 p.
544 4252 604 4308 350,
624 4251 679 4302 354.
780 4253 811 4314 33)
831 4251 867 4303 lb.
885 4269 908 4316 p.
927 4253 982 4301 361.
1002 4253 1038 4301 Ol.
1057 4252 1088 4303 ib.
1107 4253 1163 4303 362.

227 4333 258 4394 33)
280 4332 314 4381 lb.
339 4348 362 4396 p.
390 4332 530 4381 385—503.
557 4333 631 4382 Aliud
656 4335 713 4399 qnid
739 4351 788 4383 csse
813 4337 1014 4386 excommunicare
1038 4336 1156 4400 aliquem,
1182 4335 1249 4385 eliud
1275 4337 1334 4402 quid

199 4431 280 4464 arcere
297 4432 348 4464 eum
367 4432 383 4463 a
402 4416 478 4464 Coena
496 4415 524 4466 V.
542 4416 574 4465 ih.
592 4434 615 4481 p.
635 4417 691 4468 201.

226 4497 258 4559 ³³)
276 4496 313 4547 lb.
331 4513 353 4561 p.
373 4496 430 4548 537.
449 4497 485 4546 Cl.
504 4497 536 4546 ib.
556 4499 616 4556 505,
635 4501 696 4560 507,
715 4503 775 4560 512,
794 4503 850 4551 530.
952 4503 983 4562 33)
1002 4501 1038 4552 lb.
1056 4519 1078 4566 p.
1098 4502 1153 4550 535.

226 4579 258 4641 33)
277 4578 313 4628 lb.
331 4595 354 4642 p.
374 4579 430 4629 514.
564 4581 596 4642 33)
615 4580 651 4630 lb.
671 4599 692 4646 p.
712 4583 768 4634 524.
