3240 5100
831 280 871 340 ot

285 482 384 542 civilis
404 481 568 561 legislatio,
588 479 714 540 blosaiea
735 481 829 540 etiam
850 480 1012 547 austerior,
1033 479 1122 539 anxie
1141 479 1276 559 undique
1296 477 1421 539 dicendi

286 583 457 665 agendique
478 582 651 642 libertatem
673 581 873 644 custodiebat.
916 581 955 644 Ut
977 583 1033 644 alia
1054 592 1185 652 taceam,
1206 602 1222 643 a
1244 593 1325 645 certa
1348 597 1421 662 qua·

286 688 357 748 dam
378 685 535 746 nominum
556 687 650 746 classe
672 687 703 746 in
725 685 874 766 baptismo
895 696 961 746 erat
982 685 1210 756 abstinendum
1236 686 1354 766 publica
1375 685 1422 746 in·

288 792 442 852 diceretur
464 790 661 860 auctoritate,
689 805 818 869 quorum
839 791 987 851 librorum
1007 791 1099 852 lectio
1120 800 1199 852 esset
1221 791 1330 860 vetita:
1359 808 1422 850 orn·

288 891 337 958 nis
354 896 490 964 saltatio,
508 913 568 955 una
582 914 651 955 cum
669 895 795 974 reliquis
814 893 953 954 omnibus
971 913 1115 956 sensuum
1132 893 1295 964 illecebris,
1315 907 1423 957 severe

289 997 538 1060 interdicebatur.
581 989 774 1060 Pleotebatur
797 999 938 1068 mulcta,
955 999 1006 1079 qui
1031 999 1096 1059 aine
1124 999 1240 1060 sontica
1267 1017 1355 1059 eausa
1377 1015 1423 1057 aa·

289 1120 372 1164 cram
393 1103 570 1164 concionem
589 1104 782 1183 neglexeram
810 1103 900 1171 item,
928 1103 981 1183 qui
1001 1113 1070 1183 post
1090 1103 1265 1164 concionem
1293 1103 1353 1164 ianr
1377 1101 1424 1160 in·

287 1207 430 1269 ohoatam
455 1225 553 1268 sacras
583 1207 673 1268 aedes
694 1207 836 1268 intrabat.
880 1205 937 1277 Qui
966 1226 1055 1287 porro
1085 1227 1140 1288 per
1168 1207 1279 1268 Christi
1311 1223 1424 1266 omnen

290 1313 460 1380 iuraverat,
481 1309 562 1369 ieras
580 1309 720 1369 ediderat
740 1323 910 1379 rumorem,
931 1309 1021 1369 nimis
1041 1311 1127 1390 potui
1149 1310 1331 1378 Indulserat,
1360 1308 1424 1368 sive

290 1415 386 1475 alium
415 1413 599 1494 perduxerat
628 1413 664 1473 ad
693 1431 875 1493 cauponem,
908 1413 945 1474 ad
973 1433 1068 1474 unum
1097 1431 1201 1474 omnes
1229 1411 1425 1474 severissimis

290 1517 398 1598 poenis
419 1519 537 1598 culpam
559 1517 643 1578 luere
666 1517 827 1578 debebant.
860 1515 947 1586 Quod
964 1527 1066 1578 tamen
1084 1518 1173 1598 longe
1191 1518 1323 1578 odiosius
1344 1524 1425 1584 erat,

292 1639 332 1682 ne
354 1622 427 1702 quid
446 1622 511 1682 sine
528 1621 790 1682 animadversione
808 1621 1120 1701 praetermitteretur,
1140 1621 1256 1682 indices
1273 1619 1426 1701 publicum

290 1727 489 1788 merebantur
510 1725 709 1805 stipendium,
724 1726 790 1804 »qui
818 1726 894 1786 clam
924 1725 961 1786 ad
986 1726 1198 1786 consistorium
1220 1725 1268 1787 vel
1288 1721 1426 1782 minutia·

291 1829 368 1892 sima
390 1830 546 1890 deferrent
568 1830 687 1890 delicta.
719 1827 820 1889 »G’est
842 1838 922 1890 cette
940 1829 1155 1910 inquisition,''
1178 1838 1212 1890 ut
1233 1829 1276 1888 ait
1299 1825 1427 1896 Saisset,

293 1934 392 1994 edent
421 1933 522 1994 l'oeuil
548 1933 666 2012 inquiet
694 1943 726 1993 et
754 1933 882 2014 vigilant
910 1933 1061 2015 penetrali
1086 1935 1230 2014 jusqu’au
1259 1932 1347 2012 ioyer
1377 1930 1427 1992 do·

295 2037 467 2117 »mestique
484 2036 534 2118 ‘l'’

619 2243 640 2325 p
662 2245 688 2305 3.
730 2243 773 2304 oe
794 2243 941 2305 Eccleaioe
960 2244 1107 2325 replendae.

335 2448 515 2530 Supremam
537 2449 569 2508 in
591 2447 742 2510 Ecclesiae
764 2449 912 2530 regimine
933 2453 1033 2512 locum
1054 2453 1117 2531 ipae
1140 2450 1280 2512 Calvinus
1308 2464 1431 2529 occupa·

297 2555 365 2624 bat,
386 2569 456 2614 nam
477 2553 508 2613 in
530 2554 710 2614 consistorio
732 2553 858 2635 gerebat
890 2555 941 2614 »la
959 2556 1135 2635 presidence
1161 2558 1177 2616 i
1200 2555 1281 2626 vie,'’
1308 2565 1343 2616 et·
1367 2554 1433 2634 qui·

296 2659 367 2718 dem
390 2676 442 2718 sua
465 2659 658 2728 auctoritate,
680 2677 750 2719 nam
772 2659 889 2719 addunt
907 2659 1039 2720 Annales
1061 2659 1213 2740 publicae,
1246 2676 1337 2719 naans
1358 2658 1433 2738 qu'il

298 2781 342 2843 ay
364 2773 416 2822 eut
439 2772 582 2842 pourtant
614 2763 664 2822 ete
687 2763 791 2843 appelc'
820 2779 874 2843 par
895 2782 1011 2824 aucune
1032 2762 1232 2845 election1).’'
1274 2761 1367 2823 »Puis
1388 2763 1433 2822 les

299 2876 459 2946 apaateurs
487 2865 525 2925 de
553 2866 581 2926 la
610 2867 718 2934 ville,’'
748 2876 782 2926 ut
811 2877 914 2926 narrat
936 2865 1128 2936 Gaberelius,
1160 2868 1226 2928 »lea
1247 2867 1433 2947 professeurt

298 2973 360 3032 cde
382 2969 536 3050 theologie
558 2980 589 3030 et
610 2971 654 3030 les
676 2980 813 3049 postcurs
831 2971 885 3030 des
903 2971 1051 3050 paroisses
1068 2972 1184 3031 rurales
1204 2971 1371 3031 formarent
1392 2978 1434 3030 uu

299 3091 409 3154 ›scorps
437 3074 556 3134 nomme
587 3073 617 3134 lc
644 3073 793 3135 cendebia
817 3075 989 3154 compepnic.
1031 3075 1154 3136 Colle-ci
1176 3087 1229 3136 eut
1251 3093 1328 3156 pour
1350 3075 1434 3135 altri*

300 3181 431 3242 »butico
460 3181 504 3240 les
532 3179 640 3240 dtudes
665 3179 891 3260 thdclcgiques,
912 3180 1176 3240 l'administration
1198 3180 1236 3240 dc
1257 3178 1382 3260 l’Eglise
1403 3188 1436 3239 et

302 3285 352 3344 aie
375 3285 441 3344 scin
463 3283 500 3343 de
522 3283 551 3342 la
574 3283 726 3352 doctrine,
748 3284 900 3344 l'e'lection
922 3283 976 3344 des
997 3293 1135 3364 pasteurs
1156 3292 1344 3362 moyennant
1365 3283 1436 3342 rati·

302 3382 446 3448 »fication
468 3387 522 3447 des
542 3387 717 3466 magistrats
738 3397 770 3448 et
791 3387 833 3448 du
855 3388 980 3468 peuple,
1069 3387 1144 3448 dont
1162 3389 1190 3448 le
1208 3388 1319 3448 silence
1337 3385 1437 3446 deter-

303 3491 432 3552 aminait
454 3491 482 3550 le
503 3487 595 3548 choix
615 3487 750 3548 definitis
765 3487 795 3568 ²).
837 3486 916 3548 Dana
944 3489 973 3548 le
1002 3488 1057 3548 but
1078 3489 1117 3548 de
1138 3489 1301 3558 s’assurer,
1328 3507 1388 3568 que
1408 3489 1437 3548 la

302 3593 463 3655 »doctrine
486 3593 562 3653 etait
583 3606 658 3672 pure
680 3591 796 3670 chaque
818 3593 914 3652 annale
936 3593 980 3654 les
1002 3603 1138 3672 pasteurs
1159 3593 1274 3654 e'taient
1292 3604 1382 3654 tenus
1399 3592 1438 3653 de

304 3699 401 3760 »faire
423 3716 483 3757 une
506 3696 595 3756 visite
617 3696 692 3756 dans
712 3695 757 3755 les
777 3695 906 3756 iamillcs
928 3716 1004 3777 pour
1028 3698 1200 3776 interroger
1228 3696 1344 3776 chaque
1372 3715 1439 3777 per·

304 3815 422 3862 »senne
451 3813 504 3860 sur
532 3817 562 3859 sa
592 3799 633 3859 iai
649 3799 672 3880 ³)
761 3809 792 3860 et
820 3801 874 3860 nul
902 3813 941 3862 ne
970 3801 1095 3881 pouroit
1123 3800 1317 3881 s’apprecher
1344 3800 1382 3860 de
1410 3799 1440 3860 la

305 3903 424 3966 »sainte
446 3901 544 3971 table,
567 3901 639 3981 qu’ii
660 3901 745 3961 n'edl
767 3912 952 3982 anparavant
974 3901 1071 3963 rendu
1091 3911 1209 3982 compte
1231 3903 1269 3963 de
1291 3918 1338 3964 ses
1359 3903 1440 3984 pein-

305 4010 408 4088 »cipes
430 4005 579 4087 religieux
601 4003 650 4087 ll?
692 4001 759 4064 »On
789 4002 817 4066 le
847 4008 925 4076 voit,
954 4006 1027 4067 c'est
1052 4005 1189 4086 tcujours
1210 4003 1239 4068 la
1260 4005 1357 4068 meme
1380 4024 1440 4066 ser·

306 4111 433 4174 »vitude
452 4110 506 4171 des
520 4108 728 4178 consciences,
749 4109 777 4168 le
795 4110 892 4170 meme
911 4109 1094 4190 despotisme
1112 4111 1187 4171 dans
1204 4109 1441 4191 l'organisation.

295 4283 589 4296 ..........---—-

348 4391 367 4454 1)
385 4403 410 4440 a.
429 4387 603 4438 coassumi.
621 4397 644 4454 p.
662 4387 720 4438 ooo,

348 4473 367 4534 1)
389 4468 508 4536 ttopialrea
519 4469 597 4520 d'etot
607 4469 637 4519 ele
649 4467 753 4531 (imeae,
765 4470 794 4519 ad
803 4469 827 4520 d.
840 4471 871 4520 29
886 4467 998 4522 1111111111.
1012 4487 1033 4524 a.
1044 4467 1116 4525 11180.
1133 4475 1237 4534 (esaar.
1250 4489 1271 4527 ο,
1280 4473 1298 4524 1.
1307 4474 1329 4524 Ι.
1341 4470 1364 4524 S.
1373 4466 1443 4537 411111.

347 4555 367 4618 ²)
385 4567 509 4606 caecam.
527 4569 548 4604 0.
561 4552 578 4603 1.
596 4553 617 4602 Ι.
634 4569 658 4618 p.
676 4553 732 4603 255.
833 4554 853 4617 ³)
872 4553 908 4606 lb.
926 4557 983 4607 254.
1084 4558 1104 4620 4)
1124 4556 1160 4608 Ib.
1179 4559 1235 4609 336.
