3228 5102
831 295 872 357 lu

639 519 660 602 §
682 519 709 580 l.
752 515 901 580 Ecclesiae
922 515 1052 580 dietario.

325 704 370 766 Ne
398 707 445 767 vel
467 705 597 786 digitum
618 707 712 766 latum
736 704 877 766 Calvinus
898 706 930 766 in
954 703 1079 766 historie
1102 702 1309 767 Ecclesiastica
1332 725 1419 786 expo·

286 808 386 869 nenda
409 808 543 868 deviavit
565 827 580 866 a
600 808 737 875 tramite,
759 827 849 886 quern
867 807 905 866 ab
923 805 1056 868 Eusebio
1074 818 1275 869 monstratum
1293 811 1420 890 ingrcssi

286 921 359 974 sunt
397 911 509 972 dehinc
542 927 661 980 omnes,
698 911 750 989 qui
779 911 811 970 in
840 909 1009 972 Christiana
1038 909 1190 972 Ecclesiae
1213 911 1340 973 historia
1362 924 1421 974 tra·

286 1016 386 1076 denda
408 1025 596 1075 navaverunt
619 1032 756 1094 operam,
778 1015 874 1074 donec
897 1014 1020 1074 tandem
1039 1034 1055 1074 a
1074 1013 1240 1076 Eoshemic
1258 1016 1422 1077 derelictus

286 1129 349 1189 cst,
376 1129 408 1179 et
430 1133 520 1197 quem
540 1118 651 1198 optime
670 1116 809 1178 delinivit
829 1132 955 1178 caurus:
998 1119 1070 1179 »dic
1089 1119 1238 1180 abstracte
1258 1119 1421 1182 'lranscen

287 1223 387 1283 »dena
410 1221 466 1283 der
487 1221 551 1282 sich
580 1221 861 1282 ausschliessendan
882 1219 1067 1302 Gcgensdtac
1091 1222 1139 1304 ι).”
1172 1223 1340 1285 Antithesis
1358 1225 1422 1294 illa,

287 1326 385 1406 qualis
413 1326 577 1406 paullisper
603 1345 621 1384 a
650 1324 892 1385 Protestantibus
921 1342 975 1404 pro
997 1339 1098 1386 rerum
1120 1327 1294 1388 conditione
1316 1329 1422 1390 immu-

287 1439 351 1491 tata
388 1439 449 1499 est,
482 1430 593 1510 optime
622 1429 816 1509 cognoscitur
844 1430 875 1488 in
904 1428 1028 1490 (lentur.
1065 1427 1200 1510 ldagdeb.
1229 1432 1422 1501 auctoribus,

287 1533 399 1613 quibus
420 1531 550 1594 firmiter
571 1543 637 1593 erat
659 1547 852 1612 persuasum,
885 1533 976 1593 »dass
997 1533 1054 1594 der
1075 1533 1165 1614 Pepst
1183 1535 1238 1595 der
1256 1535 1424 1597 Antichrist
1481 1533 1485 1538 ’

289 1639 356 1698 osai
369 1639 407 1719 ²),
436 1638 499 1698 und
521 1633 614 1698 daber
635 1637 711 1697 auch
735 1638 766 1697 in
788 1637 844 1697 der
865 1635 991 1706 Eircbc,
1011 1638 1121 1697 eoweit
1142 1638 1186 1698 sie
1209 1655 1267 1699 von
1285 1640 1355 1700 dem
1378 1643 1424 1700 rii·

286 1741 445 1802 smisehen
469 1737 591 1802 Riscbol
610 1739 788 1801 beherrscbt
814 1743 869 1808 ist,
894 1757 954 1799 nur
975 1741 1028 1800 das
1049 1739 1143 1801 Raich
1164 1741 1218 1802 dee
1241 1741 1425 1804 antichriste

287 1843 410 1906 eseban.
452 1843 504 1904 lbr
522 1843 831 1924 angelegentlicbstcs
849 1841 978 1904 Streben
998 1844 1036 1903 ist
1055 1861 1119 1904 nun
1138 1845 1247 1905 darauf
1259 1845 1424 1930 gericbtet.

287 1949 411 2009 adieses
439 1947 737 2008 Antichristentbum
767 1965 826 2007 vcn
853 1947 958 2008 seinen
987 1959 1090 2008 ersten
1120 1947 1280 2028 Anfdngen
1302 1969 1340 2009 an
1362 1949 1425 2010 und

288 2053 343 2113 oin
365 2053 479 2112 minem
502 2049 694 2132 allmbhligen
718 2051 916 2112 Wacbsthum
939 2051 986 2112 bis
1007 2071 1044 2112 zu
1066 2051 1121 2113 der
1143 2052 1259 2134 Spitae,
1281 2055 1335 2114 aui
1354 2055 1425 2114 wel·

288 2155 385 2216 »char
406 2171 439 2216 es
461 2157 500 2215 im
520 2155 788 2216 Proteetantismus
805 2156 865 2216 den
885 2153 1006 2235 Gegner
1021 2157 1108 2223 land,
1128 2176 1165 2217 an
1182 2159 1290 2218 dessen
1309 2157 1425 2218 Wider-

288 2260 401 2324 »stand
420 2261 504 2320 seine
523 2256 622 2321 Macbt
640 2260 704 2320 sich
721 2259 829 2327 brach,
847 2260 903 2320 mit
919 2261 994 2320 aller
1013 2259 1137 2321 Scbdrie
1156 2279 1193 2321 au
1208 2261 1364 2340 veriolgen
1377 2259 1425 2341 ⁸).'’

290 2363 339 2425 Sic
364 2373 470 2424 noster
495 2379 616 2443 quoque
637 2363 669 2422 in
692 2363 761 2423 bist.
784 2365 855 2424 eccl.
879 2364 1035 2424 lustranda
1057 2363 1245 2426 horrendum
1266 2365 1354 2426 nobis
1375 2363 1426 2424 de·

287 2470 384 2529 volvit
412 2469 633 2547 spectaculum,
661 2468 693 2526 in
721 2483 783 2546 quo
812 2467 958 2528 continuo
988 2467 1065 2528 serie
1095 2470 1176 2528 omni
1205 2470 1233 2528 vi
1255 2487 1289 2528 ac
1311 2469 1427 2547 impetu

287 2572 421 2633 intendit
441 2569 567 2632 Satanas
585 2581 616 2630 et
634 2571 842 2641 machinatur,
863 2589 902 2632 ne
921 2571 1050 2632 ulterius
1068 2589 1133 2632 sese
1152 2581 1272 2633 exserat
1293 2573 1343 2632 Dei
1360 2591 1425 2652 reg·

288 2691 377 2744 num,
399 2676 535 2755 adeoque
558 2675 781 2734 internecivum
804 2691 872 2734 cum
894 2691 931 2735 eo
950 2691 1109 2736 conserere
1129 2675 1241 2735 bellurn
1260 2693 1424 2754 numquam

287 2779 409 2840 desinit.
452 2777 486 2838 In
516 2795 552 2838 eo
581 2786 701 2837 tantum
727 2777 824 2836 levior
846 2777 994 2855 quaedam
1017 2797 1033 2837 a
1055 2776 1318 2838 centuriatoribus
1339 2777 1424 2837 dille·

289 2885 387 2944 rentia
417 2883 497 2962 apud
526 2892 663 2942 nostrum
693 2881 949 2960 deprehenditur,
978 2880 1060 2960 quod
1087 2881 1184 2960 magis
1205 2881 1313 2949 etiam,
1335 2899 1425 2959 quam

289 2987 334 3048 illi
364 2987 402 3047 ad
431 2985 582 3046 Ecclesiae
612 2986 643 3044 in
673 2983 706 3043 V.
727 2983 758 3043 Τ.
788 2984 971 3044 incunabula
1000 2985 1077 3044 solet
1104 2984 1222 3052 redire,
1250 2994 1285 3044 ut
1310 2983 1348 3043 ab
1370 2999 1426 3044 ovo

291 3087 362 3150 inde
393 3098 480 3150 atrox
508 3088 584 3148 illud
606 3087 753 3167 proelium
777 3096 940 3166 repetatur.
984 3086 1045 3146 Iam
1068 3088 1279 3166 aprimordiis
1300 3087 1426 3148 humani

290 3193 412 3274 generis
445 3191 618 3252 tristissima
650 3190 821 3250 calamitate
854 3190 963 3250 afflicta
996 3191 1054 3252 suit
1082 3189 1231 3260 Ecclesia,
1260 3199 1291 3251 et
1320 3193 1427 3272 ingens

290 3299 370 3377 cepit
391 3297 626 3363 detrimentum,
649 3314 741 3373 quum
764 3294 928 3374 instigante
951 3292 1061 3354 Salona
1083 3293 1161 3354 bona
1183 3295 1341 3356 hominum
1360 3315 1428 3376 pers

290 3403 322 3462 in
349 3400 433 3461 Caini
463 3399 608 3480 progenie
639 3398 677 3458 ab
706 3396 838 3458 Ecclesia
868 3398 1005 3458 descivit.
1046 3396 1120 3458 Rem
1142 3399 1334 3477 aliquatenus
1356 3419 1427 3460 sane

291 3505 427 3566 restituit
455 3502 552 3572 Enos,
581 3503 613 3562 in
639 3502 726 3561 cuius
755 3501 868 3561 sensilia
897 3502 977 3562 laete
1006 3521 1112 3564 rursus
1134 3503 1267 3563 effloruit
1289 3504 1352 3564 veri
1374 3501 1428 3567 Dei

291 3611 399 3674 cultus.
442 3607 517 3668 Octo
537 3607 588 3668 vix
610 3615 712 3667 autern
735 3606 947 3686 praeterlapsis
969 3607 1218 3686 generationibus
1244 3600 1345 3668 denuo
1366 3616 1428 3670 tam

291 3715 401 3774 misere
431 3710 628 3791 degeneravit
653 3710 827 3770 mortalium
848 3695 962 3790 genus,
990 3721 1025 3770 ut
1047 3711 1079 3770 in
1101 3721 1169 3771 octo
1190 3710 1298 3770 animis
1319 3710 1429 3772 consti-

293 3817 365 3877 terit
394 3813 543 3882 Ecclesia,
570 3833 586 3874 e
615 3832 744 3892 quorum
766 3832 895 3874 numero
916 3815 978 3874 sola
1002 3809 1082 3873 Semi
1104 3812 1217 3874 familia
1236 3831 1338 3873 veram
1360 3825 1429 3873 con·

186 3953 189 3959 ,
292 3920 424 3982 servavit
457 3915 628 3977 Ecclesiam.
672 3910 775 3996 Neque
805 3916 855 3976 hic
884 3917 971 3977 ruina
1004 3917 1148 3976 substitit.
1200 3911 1280 3978 Semi
1310 3932 1429 3994 quoquc

293 4024 405 4086 familia
428 4031 492 4083 tota
515 4021 579 4082 lere
600 4019 726 4090 deiecit,
748 4020 845 4082 donec
867 4021 900 4080 in
921 4021 984 4080 solo
1005 4019 1179 4080 ¹abrahamo
1202 4028 1233 4080 ct
1255 4013 1369 4079 semine
1387 4018 1430 4098 ip·

322 4231 342 4294 ¹)
359 4245 381 4280 a.
399 4243 420 4280 c.
438 4241 515 4280 esua.
533 4228 572 4279 die
594 4229 684 4295 Epoel.
703 4228 726 4280 d.
744 4229 828 4279 lcircll.
849 4225 1035 4279 Geecliclle‘elr'.
1053 4229 1076 4278 S.
1095 4226 1152 4278 110.
1197 4271 1200 4276 .

323 4314 344 4376 ²)
360 4313 450 4376 Papam
467 4309 566 4360 Calvino
582 4327 673 4380 quoque
689 4325 770 4361 revera
781 4311 958 4361 Antichristum
974 4310 1059 4371 fuisse,
1077 4303 1170 4360 abunde
1186 4309 1287 4377 praebant
1307 4309 1365 4358 haec
1381 4310 1432 4360 eiua

294 4393 376 4446 verbe:
401 4393 510 4449 „Omnes
527 4396 609 4454 notae,
633 4393 719 4459 quibus
731 4391 909 4444 Antichristum
925 4393 1034 4456 designet
1049 4395 1089 4458 Sp.
1100 4393 1175 4444 Sciat
1192 4394 1217 4443 iu
1235 4391 1375 4458 pupeclare
1392 4409 1431 4458 ap·

295 4469 405 4550 parent.”
423 4467 509 4526 Oomm.
526 4475 561 4526 acl
576 4479 590 4526 1
608 4477 645 4528 Io.
663 4471 752 4530 11.1e.
773 4476 804 4528 ci.
820 4473 903 4528 Oomm.
922 4473 958 4526 acl
971 4477 988 4526 2
1003 4477 1057 4528 Ple.
1070 4475 1104 4529 11.
1122 4479 1138 4526 4
1156 4477 1180 4528 et
1198 4477 1233 4528 ecl
1247 4477 1320 4528 Hele,
1338 4475 1374 4526 11.
1392 4471 1432 4526 lb.

325 4559 345 4624 ³)
363 4572 385 4612 a.
403 4573 426 4611 c.
443 4571 520 4609 unua.
537 4573 559 4616 a,
573 4555 591 4609 l.
611 4558 635 4612 S,
652 4557 693 4611 46.
1225 4585 1229 4596 ·
