3228 5102
830 297 870 368 18

279 505 367 572 posse
390 490 582 570 venditabat,
614 493 748 560 Ecclesia
767 499 838 578 tyto
869 499 919 558 net
950 496 1085 574 ἄμωμος,
1115 496 1155 571 μή
1177 495 1288 566 ἔχουσα
1308 497 1416 555 eattae

278 592 437 671 ἧρυτίδα,
459 616 549 676 quam
571 597 695 670 Paulus,
718 610 862 681 tanquam
884 602 990 666 idealis
1011 599 1163 660 Ecclesiae
1181 599 1347 679 perfeetum
1365 616 1417 658 au·

278 707 442 774 guraverat
470 700 543 762 olim
568 701 601 764 in
622 706 914 766 consummationem
942 706 1079 774 dierum,
1108 703 1212 764 adesse
1233 703 1293 766 iam
1314 699 1417 762 erede·

278 795 369 860 batur
394 811 426 864 et
454 807 625 886 apparuisse
647 807 679 870 in
702 819 791 872 terra.
834 809 901 872 Non
930 811 991 870 alta
1021 818 1139 872 tantum
1161 806 1321 869 fovebatur
1349 821 1416 884 spes

278 899 444 968 Ecclesiam
465 909 628 989 aliquando
649 931 758 984 unam,
784 924 935 983 sanctam,
962 913 1152 977 infallibilem
1173 911 1254 981 fore,
1277 909 1330 972 sed
1350 925 1416 970 esse

278 1021 345 1068 eam
367 1020 517 1084 sanctam,
539 1033 604 1076 esse
626 1017 686 1078 iam
708 1036 816 1088 unam,
838 1037 904 1080 esse
926 1019 987 1080 iam
1005 1017 1195 1078 infallibilem
1214 1015 1309 1076 iuvita
1326 1013 1416 1074 ratio·

278 1125 316 1168 ne
338 1108 469 1176 firmiter
489 1127 555 1178 erat
576 1121 771 1184 credendum.
803 1120 943 1184 idearum
961 1131 1064 1184 autem
1081 1130 1209 1182 naturae
1227 1119 1310 1198 leges
1328 1133 1417 1178 nemo

278 1209 401 1292 impune
424 1219 571 1302 infringit.
603 1222 761 1286 Exstineta
783 1226 878 1305 igitur
895 1235 927 1286 et
946 1225 1090 1288 suffocata
1109 1222 1298 1304 perfectioris
1317 1220 1417 1284 Eccle-

180 1307 181 1312 ’
278 1314 340 1378 siae
362 1320 545 1384 conditionis
567 1343 618 1406 spe
637 1336 729 1406 atque
748 1327 962 1396 incitamento,
984 1325 1164 1394 Ecclesiam,
1186 1341 1263 1403 quae
1281 1321 1417 1385 nondum

277 1419 442 1498 perfectam
475 1445 507 1488 se
540 1447 605 1490 esse
635 1431 766 1511 negabat
788 1432 971 1511 praefracte,
1001 1441 1148 1509 quantum
1170 1448 1187 1488 a
1210 1425 1417 1507 perfeetitudi·

278 1522 325 1582 nis
354 1535 435 1587 meta
464 1527 600 1600 abesset,
629 1534 703 1612 quin
725 1534 786 1594 imo
808 1535 840 1594 in
862 1533 927 1594 dies
949 1533 1108 1597 recederet
1129 1531 1240 1612 magis,
1269 1531 1301 1590 in
1324 1529 1417 1610 ipsius

276 1622 427 1690 Ecclesiae
460 1633 676 1714 depravatione
704 1639 878 1700 luculenter
906 1647 1015 1700 natura
1044 1637 1157 1698 docuit.
1200 1633 1416 1696 Gravissimum

211 1810 221 1828 ο
277 1729 404 1804 vulnus,
439 1737 521 1814 quod
549 1739 641 1800 celari
670 1739 786 1800 diutius
815 1758 876 1803 non
906 1749 1042 1818 poterat,
1074 1739 1259 1798 detexerunt
1291 1735 1414 1798 tandem

276 1831 516 1910 Reformatores,
548 1851 580 1901 et
611 1843 663 1922 qui
692 1843 749 1904 sub
777 1853 956 1904 renascente
986 1842 1138 1922 euangelii
1167 1842 1234 1903 luce
1263 1839 1416 1920 papisticis

275 1941 472 2013 restiterunt,
500 1944 533 2004 in
561 1963 598 2006 eo
627 1947 817 2026 potissimum
846 1965 967 2008 omnem
997 1964 1119 2026 operam
1148 1953 1352 2014 navaverunt,
1382 1951 1417 2004 ut

274 2044 353 2104 male
378 2047 509 2108 mulcete
536 2050 658 2110 tandem
681 2051 779 2112 abiret
800 2060 832 2112 et
855 2051 990 2112 omnium
1012 2050 1087 2112 risui
1109 2049 1283 2110 traderetur
1304 2047 1416 2128 pravis·

276 2147 350 2208 sima
379 2149 431 2210 illa
459 2149 611 2212 Ecclesiae
632 2154 734 2222 notio,
763 2173 822 2232 qua
844 2153 1098 2214 homuncionibus
1120 2153 1183 2214 suis
1203 2152 1306 2212 fucum
1328 2149 1416 2211 faeie·

275 2249 349 2312 bant
371 2251 584 2316 Romanenses.
617 2254 832 2318 Verumtamen
857 2259 955 2318 levius
977 2266 1043 2320 erat
1068 2257 1211 2316 rimatum
1229 2252 1416 2321 aedificium,

275 2355 451 2428 destruere,
477 2378 568 2438 quam
589 2379 703 2422 novum
725 2362 844 2440 erigere
867 2371 899 2422 ct
920 2372 1035 2424 sertum
1058 2369 1172 2422 tectum
1194 2377 1309 2419 curare.
1353 2355 1417 2416 Ple·

274 2459 362 2539 rique
392 2462 473 2524 inter
495 2481 547 2524 eos
569 2465 611 2524 ita
633 2465 815 2526 medicinam
837 2463 946 2526 afferre
970 2465 1072 2528 eonati
1094 2473 1181 2532 suut,
1207 2469 1245 2527 'ut
1267 2460 1417 2541 duplicem

275 2565 497 2648 constituerent
526 2565 706 2637 Ecclesiam,
736 2567 887 2629 visibilem
917 2577 1008 2646 atque
1030 2559 1240 2630 invisibilem
1266 2563 1346 2629 Haec
1368 2581 1417 2624 ve·

274 2668 332 2728 luti
362 2669 518 2748 spirituale
547 2669 584 2730 iis
612 2681 680 2732 erat
707 2670 900 2740 institutum,
929 2671 962 2731 in
992 2687 1053 2748 quo
1082 2669 1159 2730 fides
1181 2678 1306 2748 regnat,
1335 2665 1418 2746 quod

276 2789 329 2832 eor
349 2770 508 2834 hominum
529 2782 561 2834 et
584 2774 719 2837 animum
741 2784 870 2854 spectat,
893 2775 977 2836 nulla
999 2773 1132 2852 denique
1154 2772 1300 2852 temporie
1321 2771 1417 2832 locive

277 2874 537 2955 circumscriptum
560 2875 758 2948 definitione,
787 2877 893 2938 idealis
909 2876 996 2938 'illius
1017 2876 1170 2938 societatis
1191 2875 1279 2936 nobis
1300 2892 1419 2955 reprae-

278 2986 380 3038 sentat
401 2979 633 3058 cogitationem,
655 2981 741 3040 euius
764 2979 922 3060 splendida
945 2980 1089 3040 sanctitas
1110 2979 1142 3038 in
1161 2976 1325 3038 Ecclesiam
1348 2977 1417 3041 visi·

278 3079 388 3150 bilem,
409 3098 465 3142 eeu
487 3082 519 3142 in
541 3083 694 3162 speculum
716 3085 853 3144 nondum
872 3083 945 3145 satis
961 3083 1143 3161 expolitum,
1163 3091 1417 3160 repercuteretur.

279 3181 410 3264 Egregie
439 3203 511 3246 sane
543 3196 649 3246 contra
679 3185 898 3255 Idomenenses,
929 3185 988 3246 nisi
1018 3185 1099 3264 quod
1129 3184 1239 3263 partim
1264 3191 1418 3246 vetustum

281 3306 416 3350 errorem
444 3299 587 3350 excutere
616 3290 751 3352 nondum
780 3297 960 3369 potuerunt,
988 3288 1073 3348 etin
1095 3305 1147 3356 eo,
1177 3286 1260 3365 quod
1289 3286 1418 3350 idealem

281 3391 363 3454 illam
384 3391 572 3462 societatem,
594 3393 731 3472 quamvis
752 3392 865 3455 nostris
887 3392 981 3452 oculis
995 3409 1056 3452 non
1069 3390 1274 3470 conspicuam,
1297 3400 1418 3452 exstare

234 3573 249 3585 ⁸
281 3505 394 3558 tamem
415 3503 448 3556 et
469 3495 573 3556 adesse
598 3496 658 3582 iam
686 3514 747 3556 una
775 3515 845 3556 cum
877 3495 1059 3556 adversariis
1090 3493 1323 3563 confiterentur,
1357 3495 1419 3554 vim

283 3617 354 3660 vere
383 3598 506 3660 vitalem
535 3597 687 3660 Ecclesiae
717 3599 865 3660 instillare
894 3599 1018 3660 minime
1047 3599 1084 3660 iis
1107 3599 1243 3678 contigit.
1286 3598 1419 3664 idealem

281 3701 446 3764 Ecclesiam
467 3711 587 3764 exstare
608 3702 667 3762 iam
689 3701 855 3782 adesseque
876 3703 908 3762 in
930 3703 1015 3765 coelo
1037 3712 1128 3782 atque
1150 3703 1182 3766 in
1204 3703 1294 3764 terris
1312 3703 1344 3764 e't
1363 3701 1419 3764 llo·

281 3823 457 3876 mancusos,
479 3805 511 3866 e't
532 3805 614 3866 inter
632 3804 841 3866 Protestantes
862 3806 952 3886 longe
975 3807 1097 3886 plurimi
1116 3806 1251 3870 unanimi
1269 3805 1419 3866 docebant

282 3927 440 3973 consensu.
482 3907 546 3970 Hoe
568 3910 650 3970 inter
671 3927 724 3970 eos
745 3909 909 3979 intererat,
938 3909 1019 3988 quod
1045 3908 1195 3970 visibilem
1224 3927 1306 3978 eam,
1334 3919 1365 3970 et
1387 3909 1419 3968 in

283 4011 437 4076 Catholica
459 4012 545 4092 quasi
567 4012 748 4093 palpabilem
769 4030 834 4072 esse
857 4011 1021 4074 Ecclesiam
1043 4012 1104 4080 illi,
1132 4011 1164 4072 hi
1186 4021 1292 4073 eontra
1313 4012 1419 4100 fugere

283 4135 349 4178 eam
371 4126 564 4198 conspectum
586 4127 618 4177 et
636 4117 732 4178 latere
755 4115 989 4180 arbitrabantur.
1032 4114 1141 4178 Idealis
1166 4114 1318 4184 Ecclesia,
1344 4125 1419 4178 tem·

282 4220 363 4301 poris
384 4221 491 4282 saltem
513 4221 632 4282 ratione
660 4219 780 4289 habita,
809 4229 874 4284 tum
903 4221 1035 4300 denique
1057 4220 1171 4288 aderit,
1200 4237 1293 4298 quum
1315 4235 1421 4281 omnes

281 4326 348 4388 cius
370 4326 442 4386 socii
464 4322 577 4384 Christi
599 4324 850 4404 perfectissimum
873 4324 1002 4386 assecuti
1024 4323 1179 4402 exemplar
1200 4321 1315 4402 absque
1336 4321 1419 4384 omni

281 4447 357 4510 ruga
386 4438 418 4490 et
442 4428 559 4490 macula
587 4428 656 4507 puri
684 4428 716 4489 in
739 4427 794 4489 Dei
820 4428 966 4490 maiorem
995 4427 1123 4508 gloriam
1151 4427 1288 4490 fraterno
1316 4443 1420 4487 amore

281 4541 373 4602 eruut
394 4531 562 4602 coniuncti,
580 4541 612 4594 et
634 4531 822 4597 »eommunis
844 4531 940 4596 totius
957 4531 1079 4612 generis
1099 4529 1257 4594 bominum
1278 4527 1419 4592 eoncilia·
