3240 5100
399 341 413 366 .
746 306 806 368 {83

209 512 314 572 sertim
335 513 354 571 ri
376 509 470 571 Lasso
492 511 644 592 praeclare
667 510 816 570 Ecclesiae
837 509 992 569 societatis
1013 509 1146 570 indolem
1167 509 1264 570 tuitus
1286 507 1345 580 est,

211 617 290 696 quod
320 617 351 676 iu
374 616 511 676 doctrina
534 633 654 695 quoque
676 613 889 694 constituenda
910 615 1026 694 aliquas
1048 625 1130 674 certe
1152 623 1253 694 partes
1274 614 1347 695 ipsis

134 793 138 802 f
210 720 298 779 sociis
327 719 485 788 tribuerit3
514 739 606 798 quum
635 730 740 780 contra
769 717 909 780 Calvinus
935 720 1078 799 quicquid
1101 720 1131 779 in
1154 719 1284 780 Ecclesia
1306 719 1348 780 sa·

209 823 353 884 ciuudum
375 826 430 893 sit,
452 825 508 884 soli
532 824 679 884 Ecclesiae
698 824 838 904 regimini
857 823 1079 904 procurandum
1098 822 1268 891 mandavit,
1289 821 1348 883 boc

141 966 144 972 ,
213 939 330 990 tantum
360 929 432 1009 ipsis
460 930 548 989 sociis
574 929 696 997 relicto,
723 937 756 988 ut
779 928 869 988 docili
891 937 982 1006 atque
1005 926 1152 987 submisso
1174 927 1274 987 animo
1295 926 1347 986 do·

212 1035 274 1092 ceri
304 1051 336 1092 se
362 1032 524 1112 patiantur.
546 1031 641 1093 -ln
664 1031 779 1093 Caluini
800 1033 896 1112 igitur
916 1029 1049 1091 Ecclesia
1072 1032 1156 1092 verbi
1178 1032 1274 1093 divini
1295 1031 1350 1092 mi·

213 1137 317 1206 nistri,
337 1137 446 1218 quippe
466 1156 482 1197 a
502 1135 564 1197 Deo
582 1137 729 1206 instituti,
748 1137 842 1216 ipsius
857 1134 910 1195 llei
928 1135 1081 1196 habentur
1092 1137 1211 1206 vicarii,
1228 1136 1350 1216 piviuae

213 1242 380 1302 maiestatis
398 1259 524 1322 organa,
543 1242 595 1321 qui
614 1242 646 1302 in
665 1241 767 1302 divina
786 1259 839 1300 sua
858 1241 971 1300 virtute
990 1250 1081 1320 atque
1099 1241 1234 1321 potentia
1254 1257 1350 1300 sacro·

215 1355 348 1407 sanctam
377 1345 431 1408 Dei
460 1347 649 1407 voluntatem
677 1345 853 1406 hominibus
875 1345 1067 1405 annuntiant.
1110 1344 1198 1425 Apud
1219 1346 1236 1404 a
1258 1341 1353 1404 Lasso

215 1461 320 1512 contra
341 1452 427 1513 verbi
449 1451 545 1512 divini
566 1451 698 1511 ministri
719 1452 854 1531 ipsorum
878 1449 1030 1510 Ecclesiae
1052 1450 1202 1510 sociorum
1222 1449 1355 1509 ministri

216 1566 394 1626 censentur,
427 1575 556 1636 quorum
588 1555 722 1635 primarii
751 1555 846 1616 veluti
875 1553 1041 1634 cob'perarii
1070 1571 1135 1613 esse
1164 1554 1286 1614 debent.
1314 1585 1356 1600 -

218 1659 359 1720 Calvinus
387 1660 513 1739 reliquis
541 1658 693 1720 Ecclesiae
722 1657 882 1739 praelectis
910 1658 1003 1737 longo
1031 1657 1192 1717 intervallo
1220 1665 1356 1736 pastores

218 1765 406 1844 anteposuit,
435 1774 578 1843 tanquam
609 1763 803 1844 peculiarem,
832 1761 982 1841 dignitate
1008 1779 1061 1821 sua
1083 1769 1174 1840 atquc
1196 1761 1357 1821 auctorita·

218 1876 250 1927 tc
278 1886 350 1947 prae
376 1869 487 1928 ceteris
513 1869 712 1928 excellentem
741 1867 895 1936 ordinem,
923 1866 988 1937 cui,
1015 1883 1074 1925 uua
1104 1883 1171 1926 cum
1194 1863 1358 1925 Doctorum

219 1970 342 2040 ordine,
372 1971 501 2030 exclusis
529 1972 655 2051 reliquis
683 1971 838 2039 omuibus,
867 1970 1023 2030 doctrinae
1045 1987 1117 2030 cura
1139 1969 1281 2030 mandata
1302 1977 1358 2029 ost.

219 2075 241 2134 E
271 2075 423 2135 contrario
452 2076 484 2134 in
512 2073 598 2135 Lasoi
624 2074 757 2136 Ecclesia
786 2076 903 2134 nullum
932 2093 1055 2154 prorsus
1076 2074 1256 2143 discrimen,
1277 2073 1359 2153 quod

221 2180 258 2240 ad
286 2180 422 2240 annueris
450 2179 631 2259 dignitatem
659 2180 741 2238 inter
763 2177 848 2239 verbi
869 2179 1023 2238 ministros
1045 2188 1076 2238 et
1098 2178 1292 2258 presbyteros
1314 2178 1358 2237 in·

216 2283 361 2353 tercedit,
384 2303 459 2363 quos
478 2283 629 2343 communi
662 2280 867 2342 „Saniorum”
886 2283 1009 2342 nomine
1028 2283 1120 2361 vulgo
1138 2283 1357 2363 complectitur.

218 2385 397 2447 lloctoribus
423 2388 525 2448 nullus
548 2386 707 2467 peculiaris
729 2387 761 2445 in
783 2385 913 2446 Ecclesia
935 2387 1019 2448 locus
1041 2385 1233 2456 conceditur,
1255 2396 1286 2448 et
1307 2386 1359 2448 do·

218 2492 334 2552 ctrinae
356 2511 428 2552 cura
451 2492 638 2572 presbyteris
659 2508 779 2570 quoque
802 2499 893 2569 atque
915 2489 1048 2550 diaconis
1067 2490 1258 2568 aliquatenus
1277 2499 1360 2552 certe

217 2596 372 2676 competit.
422 2595 618 2676 Codptatione
651 2595 682 2654 in
715 2593 831 2654 Calvini
860 2592 992 2653 Ecclesia
1022 2592 1059 2652 ab
1089 2593 1161 2673 ipsis
1190 2594 1360 2674 pastoribus

217 2700 314 2760 futuri
343 2677 476 2777 collegae
508 2696 564 2757 sibi
595 2695 818 2764 adsciscuntur,
842 2695 922 2754 salva
945 2695 1126 2755 anctoritate
1148 2697 1359 2776 magistratus,

219 2805 270 2882 qui
301 2804 363 2883 ipse
386 2821 403 2861 e
426 2819 480 2861 suo
502 2801 603 2861 medio
624 2799 759 2860 seniores
781 2799 868 2878 eligit
890 2807 981 2878 atque
1004 2799 1155 2860 diaconos.
1198 2799 1285 2861 Nulla
1309 2820 1359 2861 au·

219 2918 280 2966 tem
303 2907 437 2986 ipsorum
459 2903 597 2964 fidelium
619 2904 650 2964 in
669 2903 816 2962 ministris
836 2903 984 2963 Ecclesiae
1001 2902 1211 2982 praeficiendis
1228 2903 1360 2964 habetur

219 3011 313 3079 ratio,
336 3009 393 3068 nisi
416 3007 496 3087 quod
519 3009 629 3068 tacitus
651 3026 756 3067 eornm
777 3025 941 3067 consensus
966 3009 997 3067 in
1019 3009 1191 3087 pastoribus
1212 3008 1361 3088 eligendis

220 3133 273 3194 per
302 3112 469 3173 ludibrium
498 3113 587 3170 valet.
609 3145 649 3154 —
671 3109 776 3191 Longe
806 3113 987 3172 contrariam
1017 3113 1199 3174 sententiam
1228 3111 1360 3172 dLasco

220 3218 307 3286 tulit,
336 3218 388 3295 qui
417 3216 644 3296 religiosissime
674 3215 811 3295 suffragii
840 3217 887 3275 ius
916 3215 1066 3277 Ecclesiae
1095 3217 1183 3277 sociis
1208 3218 1359 3286 vindieat,

220 3321 388 3400 statuitque
417 3321 551 3380 seniores
580 3337 639 3378 una
668 3337 737 3378 cum
766 3320 900 3380 diaconis
929 3320 967 3380 ab
999 3322 1069 3400 ipsis
1097 3320 1238 3382 fidelibus
1267 3341 1360 3383 csuo

220 3428 321 3489 medio
348 3427 504 3506 eligendos
530 3444 612 3494 esse,
638 3436 672 3485 ut
694 3428 829 3486 muneris
851 3446 972 3507 quoque
995 3429 1042 3488 ius
1064 3428 1119 3508 ipsi
1143 3427 1293 3488 Ecclesiae
1315 3427 1360 3487 iu·

221 3530 361 3592 violabile
390 3538 518 3588 constet.
561 3525 703 3587 Mannum
727 3547 817 3608 porro
838 3529 1039 3608 impositionis
1060 3530 1091 3588 in
1112 3529 1258 3589 ministris
1279 3529 1360 3589 initi·

222 3633 308 3694 andis
330 3632 419 3700 ritus,
442 3631 466 3691 si
490 3630 645 3690 Calvinum
668 3630 787 3698 audias,
810 3649 826 3689 a
849 3631 919 3690 solis
940 3629 1110 3710 pastoribus
1131 3633 1234 3712 peragi
1253 3632 1360 3703 debet,

222 3755 321 3816 neque
351 3737 530 3800 sacramenti
561 3735 681 3795 nominc
705 3735 876 3812 templana
900 3746 979 3795 esset
1002 3735 1161 3816 indignus;
1183 3754 1276 3815 quare
1298 3755 1358 3796 non

222 3843 394 3920 interrupta
417 3841 508 3900 etiarn
531 3838 616 3900 verbi
638 3838 850 3898 ministrorum
872 3839 1021 3898 successio
1043 3857 1232 3919 summopere
1251 3839 1289 3900 ad
1307 3839 1360 3900 Ec-

223 3945 344 4005 clesiam
366 3943 468 4005 relect.
511 3942 646 4003 Eundem
669 3960 789 4022 quoque
811 3943 904 4002 ritum
926 3944 942 4001 d
965 3941 1058 4002 Lasco
1081 3942 1119 4003 ab
1137 3943 1359 4005 solemnitatem

224 4068 308 4109 suam
330 4049 471 4117 retinuit,
492 4047 535 4106 ita
558 4056 675 4116 tamen,
701 4056 735 4105 nt
757 4047 832 4106 eitra
854 4047 946 4106 ullam
969 4047 1215 4126 superstitionem
1237 4067 1253 4107 a
1276 4049 1360 4110 verbi

223 4147 369 4212 ministris
386 4171 445 4212 uua
465 4171 533 4211 cum
553 4151 678 4230 reliquis
696 4149 849 4238 Ecclesiae
868 4151 1037 4212 senioribus
1055 4151 1234 4212 celebretur.
1246 4151 1360 4214 —Cla·
1409 4156 1411 4159 ’

224 4255 306 4316 vium
328 4265 461 4336 potestas
484 4275 500 4316 a
521 4255 644 4316 Calvino
666 4256 737 4316 solis
758 4255 928 4336 pastoribus
950 4255 1102 4325 defertur,
1124 4256 1191 4335 qui,
1214 4267 1360 4336 quantum

225 4361 305 4420 intra
337 4360 502 4440 scripturae
535 4358 611 4421 fines
640 4377 671 4419 se
700 4361 892 4428 contineant,
922 4360 959 4420 ab
984 4379 1087 4422 errore
1107 4361 1193 4422 vacui
1222 4371 1308 4431 sunt,
1330 4374 1361 4424 ot

225 4481 333 4541 magna
361 4462 392 4522 in
419 4462 549 4521 Ecclesia
578 4469 728 4541 potestate
751 4461 901 4542 gaudent,
930 4481 1006 4540 quae
1029 4472 1060 4522 et
1082 4463 1113 4521 in
1136 4462 1272 4526 doctrina
1293 4485 1361 4526 oon·

227 4565 394 4636 stitucnda,
422 4575 454 4626 et
479 4565 511 4626 in
532 4565 650 4646 legibus
671 4565 804 4627 ferendis
826 4565 1025 4646 conspicitur,
1049 4566 1186 4646 inprimis
1207 4577 1308 4630 autem
1331 4571 1362 4631 iu
