3240 5100
740 264 798 328 165

202 487 278 530 „nes
299 468 331 529 in
352 467 484 528 Ecclesia
507 466 676 529 simultates
702 477 792 548 atque
817 467 943 529 discidia
965 469 1058 531 amice
1080 481 1261 554 componant
1272 471 1336 554 ²⁹).’'

202 573 330 634 »Totius
358 572 508 633 Ecclesiae
537 573 658 632 nomine
687 573 852 652 diligenter
878 573 963 633 verbi
985 574 1144 636 'ministros
1173 577 1335 638 observent

202 679 256 738 ain
281 678 435 745 doctriua,
465 677 524 737 vita
555 687 645 755 atque
674 677 902 736 conversatione
931 677 1052 738 illorum
1065 678 1136 760 ³⁰).''
1160 689 1191 740 et
1212 681 1264 740 ubi
1286 700 1335 741 res

201 783 232 855 id
251 784 292 843 ita
311 782 458 861 postulat,
477 782 681 842 »admoneant
700 783 845 860 primum,
865 782 1006 862 deinceps
1024 783 1192 843 destituant
1211 801 1262 844 eos
1274 783 1336 866 ³¹).”

202 885 342 947 Seniores
372 904 492 965 quoquc
521 896 661 965 aegrotos
689 885 812 946 visitare
840 885 1020 966 debent³²)‚
1049 887 1152 946 adesse
1175 887 1260 946 verbi
1281 889 1335 947 mi·

201 992 304 1052 nistris
332 991 363 1050 iu
393 1008 486 1050 coena
515 989 757 1070 celebranda³³),
791 989 902 1068 »longo
931 999 1032 1049 autem
1061 991 1202 1070 primaria
1225 989 1335 1052 officio·

201 1114 291 1154 »rum
320 1112 425 1154 eorum
451 1113 520 1173 pars
549 1095 626 1152 circa
653 1093 840 1172 disciplinam
862 1102 1015 1160 versatur,
1037 1093 1069 1152 in
1091 1094 1177 1153 cuius
1200 1114 1257 1155 usu
1280 1096 1336 1156 toti

202 1215 342 1278 »semper
367 1207 397 1257 et
424 1197 535 1258 assidui
563 1215 728 1276 numquam
754 1213 814 1256 non
838 1215 902 1257 esse
924 1196 1038 1257 debent
1056 1197 1119 1279 33).”
1137 1231 1178 1243 -
1196 1197 1335 1258 Diooouo·

201 1319 267 1360 rum
295 1299 401 1380 officio.
452 1299 592 1369 Diaconi,
620 1301 674 1360 »in
706 1299 814 1378 quibus
837 1299 912 1360 fides
934 1311 965 1360 et
991 1301 1148 1381 diligentia
1171 1301 1337 1364 desiderari

202 1423 285 1464 »non
314 1413 413 1484 potest
432 1403 506 1485 ³⁵),''
536 1405 593 1464 viri
623 1405 684 1464 sint
717 1405 820 1484 »pleni
849 1405 956 1484 spiritu
980 1415 1060 1472 soto,
1082 1405 1112 1464 in
1135 1405 1245 1484 quibus
1267 1413 1336 1466 eon·

202 1509 326 1588 »spicue
355 1508 394 1567 sit
419 1525 521 1567 rerum
550 1507 721 1567 divinarum
744 1508 890 1586 cogitatio
902 1506 967 1589 ³⁶)f’
1009 1506 1121 1568 Eorum
1144 1527 1254 1570 munus
1283 1510 1337 1569 »in

202 1611 344 1672 »duobus
365 1611 554 1690 potissimum
576 1611 731 1680 consistit,
753 1630 860 1693 nempe
882 1612 913 1671 in
936 1612 1041 1672 sedula
1064 1633 1097 1672 ae
1118 1613 1259 1693 diligenti
1280 1614 1338 1674 col·

202 1715 354 1774 »lectione
384 1724 474 1794 atque
504 1715 578 1774 item
603 1715 635 1773 in
658 1713 741 1775 fideli
763 1735 797 1774 ac
819 1717 962 1795 prudenti
985 1715 1254 1796 Eleemosynarum
1277 1717 1335 1778 dis·

202 1820 400 1898 »pensatione
421 1818 482 1899 ³⁷).’.’
526 1816 593 1877 Sint
615 1818 650 1896 in
669 1819 839 1879 ministerio
858 1837 912 1879 suo
935 1819 1076 1880 obeundo
1099 1822 1198 1900 »pleni
1222 1822 1338 1901 sapien·

201 1923 296 1991 ntiae,
325 1941 363 1982 nc
393 1923 466 2000 quid
495 1931 610 1982 temere
639 1923 670 1981 in
693 1923 917 2001 dispensatione
940 1922 1208 2004 Eleemosynarum
1231 1935 1334 2004 agant,

201 2044 299 2086 »nevo
322 2035 516 2105 praepostere
538 2027 605 2085 illas
627 2026 833 2106 erogent³⁸)‚''
855 2037 886 2086 et
912 2027 965 2086 »in
985 2039 1073 2088 coetu
1094 2039 1336 2108 menstruo·'pr0·

200 2131 328 2209 »positis
357 2148 457 2214 coram
485 2130 633 2189 ministris
662 2149 695 2188 ac
725 2127 900 2190 Senioribus
925 2142 1115 2210 acceptarum
1138 2142 1169 2192 et
1191 2151 1334 2212 expensa·

197 2252 287 2294 arum
310 2233 577 2312 Eleemosynarurn
601 2232 726 2301 tabulis,
749 2235 897 2294 rationem
924 2235 1043 2294 illarum
1066 2237 1199 2296 omnium
1222 2234 1333 2295 subdu-
1422 2245 1424 2249 “

197 2347 289 2396 »cant
308 2337 373 2414 ³⁹).'’
423 2335 483 2396 Sed
512 2346 558 2396 est
587 2355 707 2415 quoque
737 2349 895 2416 praeterea
924 2338 1019 2398 debiti
1050 2337 1199 2416 officiique
1228 2357 1335 2398 eorum

196 2423 295 2499 acirca
325 2438 593 2518 Eleemosynarum
615 2440 888 2518 dispensationem,
911 2461 1076 2520 egenorum
1099 2461 1220 2521 quoque
1242 2441 1333 2503 iidem

194 2564 250 2604 »ao
279 2537 424 2623 pietatem
452 2544 625 2622 explorare,
655 2553 686 2602 et
715 2561 766 2602 eos
795 2545 891 2604 debiti
921 2546 1054 2624 ipsorum
1084 2565 1155 2625 erga
1182 2544 1277 2606 Deum
1298 2565 1332 2606 ao

193 2645 380 2706 »Ecclesiam
410 2647 573 2725 diligenter
602 2639 764 2706 admonere
783 2645 846 2727 ¹⁰).’'
889 2645 1076 2708 Subveniant
1100 2647 1276 2709 Senioribus
1299 2649 1331 2709 iu

191 2749 223 2808 iu
246 2769 267 2808 s.
290 2768 402 2809 coenae
424 2749 688 2810 administratione
708 2751 761 2830 33),
791 2769 850 2810 una
879 2769 947 2810 cunr
973 2752 1081 2813 iisdem
1104 2753 1135 2812 in
1159 2751 1330 2831 Prophetiis

122 2866 126 2872 ·
192 2853 234 2912 sic
262 2853 351 2912 dictis
380 2853 536 2913 doctrinae
566 2855 691 2932 puritati
720 2855 878 2913 cousulant
897 2854 948 2934 33),
977 2865 1008 2914 et
1037 2856 1143 2914 suain
1167 2853 1326 2916 Saniorum

190 2942 333 3017 concessu
355 2958 524 3037 praesentia
547 2958 694 3026 efficiant,
724 2967 780 3017 »ut
803 2958 834 3017 in
857 2945 912 3017 suo
933 2959 1103 3018 ministerio
1126 2977 1180 3038 pro
1202 2961 1327 3039 collegis

190 3058 433 3136 »quodammodo
462 3060 614 3120 seniorum
645 3079 678 3118 ac
707 3058 792 3118 verbi
821 3060 1074 3146 ministrornma
1104 3071 1168 3120 tota
1193 3061 1325 3122 Ecclesia

189 3161 382 3222 »habeantur
400 3161 468 3238 ³³).''
498 3196 538 3206 -—
567 3162 614 3221 Ad
642 3162 838 3222 diaconorum
874 3164 1076 3223 ministerium
1106 3163 1164 3224 hoc
1193 3165 1324 3246 denique

186 3267 335 3346 pertinet,
357 3275 392 3324 ut
414 3266 557 3325 alimenta
579 3266 744 3344 praebeant
767 3265 923 3326 ministris.
960 3265 1069 3327 Censet
1092 3269 1173 3327 enim
1194 3270 1211 3327 5
1230 3268 1323 3330 Lasso

143 3375 147 3382 “
186 3367 340 3428 »officium
363 3387 428 3428 csse
450 3366 600 3428 Ecclesiae
623 3388 693 3448 erga
716 3369 800 3429 verbi
823 3370 988 3439 ministros,
1008 3381 1041 3430 ut
1060 3371 1119 3430 illis
1137 3372 1175 3431 de
1193 3371 1321 3434 honesta

186 3498 198 3526 a
208 3473 330 3534 vivendi
352 3472 469 3532 ratione
492 3471 733 3554 prospiciamus
759 3492 792 3532 oo
814 3472 940 3552 proinde
963 3475 1085 3542 statuit,
1108 3485 1142 3535 ut
1171 3478 1320 3556 »quisquc

184 3577 238 3636 »in
263 3576 395 3636 Ecclesia
417 3593 471 3654 pro
493 3593 547 3635 sua
570 3576 649 3636 virili
672 3576 848 3654 adjumento
870 3578 909 3637 sit
932 3579 988 3637 toti
1010 3576 1161 3640 Ecclesiae
1184 3580 1216 3640 in
1238 3581 1318 3640 alen·

210 3869 242 3930 23)
261 3869 346 3917 Forma
366 3881 396 3915 cte
412 3869 459 3915 rat.
477 3865 531 3915 min.
549 3865 624 3916 Laud.
642 3881 664 3930 p.
685 3884 705 3914 o.
724 3863 759 3914 cf.
777 3864 809 3915 ib.
827 3881 849 3929 p.
869 3864 927 3924 108,
946 3865 1009 3926 111,
1029 3867 1085 3918 115.

209 3951 241 4011 33)
259 3949 295 3999 Ib.
316 3965 340 4013 p.
360 3968 384 4014 p.
403 3948 440 3996 uf.
457 3945 489 3998 ib.
507 3963 530 4012 p.
542 3941 605 3997 ⁵515.
622 3949 665 4012 Ep.
683 3947 718 3997 ad
733 3949 799 3998 Ball.
818 3949 876 4008 (Sor.
895 3952 945 3997 unt.
963 3948 1005 3999 IV.
1025 3951 1060 4001 1³.
1077 3948 1220 4013 477-79.)

209 4033 241 4094 33)
258 4032 453 4080 formauerat.
471 4029 527 4078 mic.
545 4029 618 4078 Lond
636 4045 658 4093 p.
678 4050 702 4094 y.
804 4030 835 4091 33)
854 4030 890 4079 Ib·
907 4046 931 4094 p.
951 4031 1007 4080 620.

208 4115 239 4178 33)
257 4114 293 4162 11).
311 4129 334 4177 p.
353 4111 409 4163 257.
510 4109 541 4174 ³⁴)
560 4111 596 4162 Ol.
614 4128 685 4177 supra
701 4112 760 4161 Pars
778 4112 812 4160 II.
831 4113 888 4178 Cup.
907 4114 955 4164 III.
974 4115 984 4174 §
1002 4116 1026 4164 d.

208 4197 239 4258 33)
258 4195 344 4245 Forma
360 4211 390 4244 aa
406 4197 453 4242 rat.
471 4195 527 4243 min.
545 4195 619 4245 Laod.
637 4213 660 4260 p.
679 4197 702 4249 7.
837 4198 868 4259 33)
887 4199 923 4250 1b.
941 4215 964 4263 p.
983 4201 1005 4248 8.

207 4277 238 4340 37)
257 4278 292 4327 lb.
312 4293 336 4342 p.
355 4277 378 4331 7.
397 4276 433 4324 Cf.
450 4275 483 4323 ib.
501 4291 524 4339 p.
543 4277 581 4327 82.
599 4278 641 4342 Ep.
660 4277 736 4327 dedic.
755 4277 787 4326 ib.
804 4295 828 4343 p.
848 4279 887 4328 22.
907 4281 973 4346 Oonf.
983 4280 1048 4346 fidei
1064 4297 1087 4346 p.
1106 4281 1157 4332 232.
1177 4284 1309 4345 (unumst.

177 4378 201 4426 p.
220 4359 294 4422 273).
396 4357 426 4420 ³⁸)
445 4359 530 4408 Forma
547 4373 576 4407 ce
592 4362 639 4408 rat.
657 4359 712 4410 mio.
730 4360 804 4409 Loud.
821 4376 844 4424 p.
864 4361 886 4411 8.
905 4360 940 4410 cf.
959 4361 990 4411 ib.
1008 4378 1032 4426 p.
1051 4363 1095 4422 51,
1114 4365 1169 4414 632.

206 4442 237 4504 33)
255 4441 292 4491 Ib.
309 4455 332 4503 p.
352 4439 407 4488 520.
541 4438 573 4502 ⁴⁰)
590 4439 626 4490 Ib.
644 4455 669 4504 p.
688 4441 710 4490 8.
845 4441 877 4505 ⁴¹)
895 4441 931 4493 1b.
949 4459 973 4508 p.
992 4444 1049 4497 257.

208 4524 240 4587 43)
258 4523 294 4576 15,
313 4539 335 4587 p.
355 4522 415 4582 108,
434 4521 490 4572 115.
625 4523 655 4584 ⁴³)
674 4521 709 4572 lb.
727 4539 750 4586 p.
769 4522 825 4573 520.
959 4525 991 4587 ⁴⁴¹)
1010 4525 1046 4576 Ib.
1065 4542 1088 4591 p.
1107 4525 1129 4576 λ.
