3240 5100
754 247 815 314 167

215 475 301 530 »esse
321 473 441 532 omnem
458 453 636 536 sanguinem
654 453 687 516 in
705 452 835 514 Ecclesia
853 451 965 517 Christi
984 452 1053 528 ¹⁸).’'
1075 487 1116 500 -
1135 452 1247 529 Contra
1281 463 1348 526 »tc

214 562 298 626 atius
327 559 438 620 Coetus
468 559 665 633 Ecclesiastici
692 577 764 638 erga
794 557 878 623 verbi
900 557 1062 622 ministros.
1079 555 1209 620 officium
1230 569 1292 632 est,
1314 568 1349 630 ut

213 666 297 736 »illis
316 665 346 728 in
365 664 502 745 legitimo
520 664 653 743 ipsorum
671 663 857 733 ministerio,
878 672 1021 740 tanquam
1038 660 1149 722 Christi
1169 659 1250 723 nom.
1269 664 1349 743 lega·

215 769 293 836 atis,
312 769 373 828 imo
389 785 460 830 vcro
473 779 615 847 tanquam
631 765 751 838 Christo
766 765 886 846 ipsimet
898 764 1025 836 llcminc
1043 783 1098 844 per
1114 765 1183 826 illos
1196 765 1349 846 loquenti,

217 882 364 954 »pareant
384 872 459 946 16),”
481 882 513 931 et
545 870 605 930 »oh
627 871 708 930 omni
730 871 875 930 adversus
896 869 964 930 illos
991 869 1232 940 murmuratione
1252 869 1350 936 modis

217 978 327 1057 »plane
346 976 486 1037 omnihus
502 975 559 1036 sibi
578 985 703 1038 caveant
716 973 777 1054 ¹⁷).''
809 972 849 1034 Ut
866 991 956 1052 porro
982 973 1178 1040 »institutum
1196 991 1213 1034 a
1231 972 1351 1034 Christo

218 1080 366 1142 »Domino
381 1081 412 1142 in
428 1100 480 1142 sua
495 1080 622 1144 Ecclesia
638 1079 753 1150 cultum
769 1077 923 1157 publicum
936 1077 1102 1158 diligenter
1113 1075 1352 1156 observent¹⁸);''

219 1187 252 1245 u‘t
274 1185 423 1264 »quisque
442 1183 473 1242 in
493 1181 623 1242 Ecclesia
640 1199 821 1240 consensum
839 1180 995 1240 doctrinae
1014 1180 1188 1240 unanimem
1206 1197 1267 1238 una
1286 1197 1354 1239 cum

154 1329 164 1348 .
219 1287 387 1348 »ministris
416 1285 549 1346 retinere
578 1302 609 1344 sc
637 1303 671 1342 oo
700 1283 780 1343 tucri
809 1283 889 1362 apud
911 1300 1015 1342 omnes
1036 1282 1148 1343 dobere
1171 1291 1301 1352 statuat,
1322 1293 1354 1343 ct

220 1393 267 1451 »si
297 1389 370 1470 quid
398 1389 429 1449 in
458 1389 596 1448 doctrina
625 1389 725 1448 vitavc
752 1387 960 1446 ministrorum
982 1387 1152 1457 desideret,
1181 1388 1249 1448 illos
1271 1389 1355 1468 prius

220 1495 419 1574 »redarguat
448 1511 537 1572 quam
565 1491 777 1572 quoquomodo
804 1507 858 1552 eos
886 1491 1126 1570 ministeriumve
1153 1491 1273 1576 illqrum
1295 1501 1355 1552 tra·

221 1601 334 1660 »ducat
350 1597 420 1678 ¹⁹),’'
450 1595 626 1675 »publicum
644 1595 675 1653 in
699 1594 824 1654 Ecclesia
844 1594 1046 1656 ministerium
1069 1613 1130 1656 non
1152 1594 1284 1656 hominis
1304 1596 1358 1656 sed

223 1701 299 1770 »ilaei
323 1701 417 1781 ipsius
438 1698 642 1758 ministerium
664 1715 729 1758 csse
752 1716 934 1776 agnoscens,
955 1699 1090 1778 illudque
1109 1708 1144 1760 ut
1166 1696 1219 1760 Dei
1241 1701 1360 1764 ordina·

222 1807 360 1890 ationem
393 1814 557 1870 veneretur
589 1821 623 1862 ac
655 1802 798 1882 suscipiat
816 1801 880 1882 20).”
922 1800 1068 1862 »Illorum
1101 1802 1360 1874 admonitionibus
1399 1839 1401 1843 ·

222 1911 326 1970 »ultro
353 1927 387 1968 ae
416 1916 594 1966 reverenter
623 1905 727 1966 fideles
749 1915 890 1986 pareant,
916 1925 1015 1986 neque
1037 1907 1074 1967 iis
1096 1907 1269 1972 reclament.
1313 1907 1360 1970 Ad

224 2013 313 2088 »illos
334 2011 426 2072 dubia
449 2028 502 2070 sua
524 2009 640 2078 cannia,
662 2009 760 2069 omnia
783 2010 923 2078 dissidia,
953 2028 1118 2089 omnesque
1139 2011 1361 2072 controversias

223 2138 279 2192 »ac
301 2116 469 2176 simultates
491 2124 561 2173 onte
584 2115 682 2173 omnia
702 2113 852 2182 reserant,
873 2113 897 2172 si
921 2132 981 2192 quo
1002 2115 1092 2174 modo
1110 2113 1205 2176 amice
1220 2116 1359 2196 componi

224 2221 360 2302 »possint
379 2218 441 2300 ²¹).”
484 2217 593 2278 »Ultro
622 2237 656 2277 ac
684 2217 832 2285 libenter,
860 2217 992 2296 denique
1022 2218 1114 2278 etiam
1139 2218 1307 2280 liberaliter
1329 2220 1361 2280 in

222 2343 333 2384 »usum
356 2335 447 2402 atquc
470 2322 643 2382 alimoniam
665 2340 832 2402 pauperum
851 2321 1022 2390 conserant,
1043 2340 1192 2382 memores
1211 2340 1262 2391 ea,
1284 2341 1361 2402 quae

222 2427 360 2496 »hahent
389 2445 449 2487 non
484 2445 549 2486 esse
579 2445 648 2495 sua,
677 2425 729 2485 scd
754 2423 806 2483 [lei
830 2425 923 2484 solius
945 2405 1149 2506 propria⁸²²).''
1191 2424 1361 2490 Christiane

223 2533 367 2592 familiam
390 2540 498 2610 regant
517 2530 567 2612 ²³),
597 2531 653 2610 ipsi
679 2528 791 2588 liberos
819 2529 982 2588 instituant
1001 2529 1049 2610 ²³),
1071 2529 1209 2610 inprimis
1231 2529 1362 2610 denique

223 2635 335 2706 assidui
358 2635 419 2693 sint
441 2634 472 2694 in
495 2633 630 2692 lroterno
657 2633 832 2712 disciplinae
854 2650 911 2692 usu
931 2632 975 2713 ²⁵).
996 2665 1036 2678 ·-
1058 2631 1172 2694 Rursus
1200 2633 1363 2713 religiosis·

223 2740 299 2798 sime
322 2737 427 2815 utique
449 2733 751 2814 circumspiciendum
770 2743 816 2792 est
836 2733 984 2794 Ecclesiae
1002 2734 1162 2803 ministris,
1184 2754 1222 2796 ne
1242 2738 1363 2817 quando

224 2842 318 2921 ipsius
351 2840 500 2900 Ecclesiae
529 2839 594 2898 iura
627 2857 661 2897 ac
689 2837 846 2918 privilegia
872 2837 1027 2898 violentur
1054 2849 1107 2899 aut
1135 2840 1364 2912 imminuantur,

225 2955 277 3006 aut
299 2962 404 3024 parum
427 2944 488 3004 sint
510 2942 642 3022 denique
664 2942 857 3002 communita.
900 2939 975 3000 Rata
1001 2943 1039 3002 sit
1061 2941 1212 3006 Ecclesiae
1234 2948 1363 3009 auctori·

225 3049 325 3110 tasin
346 3047 556 3107 ministrorum
579 3044 727 3104 electione
751 3045 795 3124 ²⁶).
838 3043 872 3102 ln
899 3045 1052 3105 seniorum
1075 3064 1092 3104 e
1114 3065 1169 3106 suo
1190 3049 1291 3110 medio
1313 3049 1363 3109 de·

225 3156 373 3214 lectorum
396 3141 536 3210 consessu
560 3147 705 3208 Senatum
727 3148 822 3208 veluti
844 3146 955 3206 habcat
981 3149 1013 3208 in
1042 3167 1126 3210 suam
1155 3149 1362 3212 defensionem

227 3265 432 3336 comparatum
444 3255 492 3328 ²⁷).
525 3251 694 3332 Numquam
714 3261 907 3331 pervertatur
925 3253 972 3311 ius
990 3262 1127 3318 sanctum
1146 3271 1251 3314 eorum
1272 3265 1365 3334 atquc

226 3363 381 3440 integrum
403 3358 495 3418 dubia
518 3375 571 3416 sua
594 3356 625 3414 in
648 3354 815 3436 prophetiis
839 3355 882 3414 sic
907 3355 996 3414 dictis
1016 3353 1190 3434 proferendi
1206 3353 1250 3438 ²⁸).
1283 3355 1365 3418 Nihil

227 3483 350 3546 prorsus
371 3462 503 3540 deniquo
525 3459 578 3520 fiat
600 3460 631 3519 in
656 3459 798 3528 Ecclesia,
822 3459 880 3518 nisi
900 3458 956 3518 suh
975 3458 1036 3518 suis
1054 3458 1195 3539 auspiciis
1212 3468 1244 3520 et
1262 3470 1363 3524 aucto·

230 3609 521 3626 ffl

258 3699 289 3760 15)
311 3695 390 3746 ttact
412 3695 443 3745 de
466 3695 573 3743 Sacram.
597 3709 620 3758 p.
644 3689 696 3740 ctb.
719 3691 756 3740 Cl.
779 3690 811 3740 ib.
836 3705 860 3754 p.
883 3688 952 3740 teat.
977 3692 1024 3756 Ep.
1044 3690 1079 3740 ad
1097 3691 1158 3742 Pell.
1175 3695 1200 3745 ci
1218 3691 1285 3742 Bell.
1304 3693 1363 3753 (Ser.

230 3785 280 3832 ant.
297 3779 339 3828 tv,
358 3778 393 3828 1³.
411 3775 487 3838 457.).
507 3775 575 3840 Coos.
584 3774 649 3840 fidei
665 3789 689 3838 p.
708 3773 748 3822 13,
767 3773 900 3835 (nnnnvca.
919 3770 996 3834 253),

184 3899 186 3905 .
259 3863 290 3920 ¹⁶)
307 3862 392 3910 Forma
410 3874 439 3907 oc
455 3861 502 3908 rot.
523 3857 579 3906 min.
599 3856 674 3906 Lond.
691 3871 715 3920 p.
731 3874 754 3904 κ.
772 3855 809 3904 Cf.
826 3853 859 3905 ib.
877 3872 900 3919 p.
918 3857 954 3913 e,
975 3855 1030 3903 286.
1051 3855 1118 3920 Coos.
1127 3854 1192 3922 fidei
1207 3871 1230 3921 p.
1249 3855 1288 3907 20.
1311 3856 1365 3914 (tta-

231 3956 312 3992 nttvua
328 3957 352 4005 p.
371 3941 447 4002 270.)
581 3935 612 4000 ¹⁷)
631 3937 716 3987 Forma
733 3954 763 3987 ce
778 3941 826 3988 rat.
843 3937 899 3986 min.
917 3937 993 3986 Lcnd
1010 3951 1035 3999 p.
1054 3935 1110 3988 287.

260 4023 291 4084 18)
308 4023 345 4072 ib.
362 4038 385 4086 p.
405 4022 461 4070 286.
479 4020 516 4070 Cs.
536 4023 587 4071 ma
605 4020 680 4070 hond.
697 4022 753 4070 mai.
771 4035 795 4084 p.
814 4018 853 4071 27.
1226 4075 1228 4079 ,

260 4106 291 4166 ¹⁹)
309 4106 394 4154 Formo
411 4120 441 4154 ac
456 4109 504 4154 rat.
521 4104 576 4154 mia.
593 4103 668 4154 oona
686 4117 711 4166 p.
730 4103 786 4156 287.
921 4101 953 4163 ²⁰)
972 4099 1008 4152 lb.
1027 4115 1050 4165 p.
1069 4101 1125 4151 286.

260 4189 292 4248 2¹)
310 4185 347 4236 Ib.
363 4201 388 4250 p.
407 4206 426 4242 r.
443 4186 481 4236 ct.
499 4185 532 4236 ib.
550 4202 574 4249 p.
592 4187 653 4244 187,
671 4186 727 4236 286.
863 4184 894 4246 ²²)
912 4182 949 4236 lb.
967 4199 991 4246 p.
1009 4184 1033 4233 9.

262 4273 292 4332 23)
314 4272 367 4320 eat.
385 4267 460 4317 Laod.
478 4268 534 4318 mai.
551 4283 575 4332 p.
593 4268 634 4319 28.

263 4355 294 4416 2⁴)
312 4354 399 4404 Forma
416 4365 445 4399 ac
460 4354 508 4401 rat.
526 4351 581 4400 min.
599 4350 675 4402 Lond.
692 4365 717 4414 p.
736 4349 776 4398 86.
794 4347 830 4399 Cl.
849 4347 880 4398 ih.
900 4347 939 4398 et.

264 4436 295 4497 25)
314 4435 350 4485 lb.
367 4450 391 4499 p.
410 4433 438 4491 λ,
456 4432 517 4493 187,
536 4433 597 4492 288,
616 4433 679 4493 289,
695 4432 727 4484 al.
861 4431 893 4492 86)
910 4429 947 4480 lb.
965 4446 989 4496 p.
1006 4430 1038 4479 20
1056 4446 1090 4495 sq.

266 4520 297 4583 27)
316 4519 353 4570 lb.
370 4535 394 4584 1).
412 4537 432 4582 pc
447 4519 472 4566 eb
491 4537 511 4569 o.
613 4513 644 4577 ²⁸)
662 4515 699 4566 lb.
717 4531 740 4581 p.
759 4513 820 4576 108,
839 4513 900 4574 109,
919 4513 977 4565 115.
