3240 5100
742 301 795 368 ill

205 503 349 566 versitate
375 503 413 569 ab
435 503 501 568 aliis
522 503 681 572 distincta,
709 512 823 563 certam
846 501 996 581 quandam
1017 503 1173 582 regionem
1195 510 1337 583 occupet,

204 605 341 684 adeoque
364 623 462 666 sermo
483 604 518 667 iit
543 605 581 665 de
604 602 737 666 Ecclesia
779 602 980 684 »Angliao⁴),
1011 603 1167 668 Helvetiae
1190 607 1252 668 sive
1271 604 1337 668 Gal·
1366 653 1367 656 η

204 708 343 791 sliae5).''
386 707 501 780 Quarto
523 708 656 787 denique
678 705 830 772 Ecclesiae
852 707 1032 770 vocobulum
1052 727 1090 770 eo
1112 727 1203 770 sensu
1221 709 1253 768 in
1271 709 1337 772 eius

203 811 323 892 scriptia
344 813 491 882 occurrit,
514 822 548 872 ut
569 812 609 872 ait
630 813 658 877 ei
701 831 777 892 »per
795 812 968 875 universam
988 811 1092 876 orbem
1111 821 1261 874 terrorum
1279 812 1338 876 dis-

206 916 380 997 »pe1·sa⁶),”
426 915 596 980 »catholiea
627 915 739 978 Christi
772 914 905 976 Ecclesia
916 914 966 996 ⁷).''
1008 913 1105 976 Huius
1137 926 1238 980 autem
1272 915 1337 980 uni·

204 1020 330 1083 versalis
347 1019 498 1086 Ecclesiae
516 1021 649 1100 singulas
666 1020 863 1100 particulares
881 1017 1059 1084 Ecclesioles
1070 1020 1164 1084 veluti
1176 1019 1338 1101 porticulus

205 1141 270 1186 osse
287 1133 320 1188 et
342 1125 514 1187 universum
536 1121 752 1189 Ecclesicm'in
776 1142 807 1185 se
829 1133 1074 1204 repraesentare,
1091 1125 1263 1187 luculenter
1282 1141 1338 1186 nos

205 1228 295 1292 docet
322 1228 354 1286 in
381 1229 524 1308 epistola,
550 1247 639 1307 quam
665 1228 703 1288 ad
734 1226 846 1289 Dcnine
875 1246 979 1308 regem
1006 1227 1089 1290 misit
1110 1236 1178 1308 post
1199 1227 1338 1306 repudia·

205 1341 267 1396 tam
295 1331 418 1411 hospitii
447 1331 704 1411 supplicationem.
746 1331 910 1395 Contendit
937 1332 970 1396 in
996 1349 1032 1395 ea
1053 1333 1070 1390 a
1092 1329 1185 1394 Lasco
1207 1329 1338 1394 Catholi-

183 1453 270 1515 ‘eam
306 1433 417 1496 Christi
449 1433 612 1500 Ecclesiam
640 1437 673 1498 in
701 1454 755 1500 sua
784 1435 1015 1516 peregrinorum
1043 1431 1175 1496 Ecclesia
1204 1433 1339 1513 graviter

204 1539 315 1600 laesam
335 1556 402 1604 esse
423 1548 515 1618 atque
537 1539 698 1610 offensam,
717 1541 859 1619 quoniam
880 1537 1017 1604 membro
1038 1538 1121 1600 illata
1143 1537 1254 1601 iniuria
1277 1554 1338 1601 non

205 1653 305 1723 potest
334 1661 394 1706 non
423 1644 481 1704 toti
509 1645 627 1724 corpori
652 1644 774 1714 inferri,
803 1643 885 1724 quod
906 1643 993 1706 facile
1016 1641 1194 1722 comperies,
1222 1641 1339 1720 inquit.

205 1748 368 1812 dummodo
410 1766 487 1810 »nos
516 1759 695 1828 nostrasque
720 1746 869 1812 Ecclesiae
891 1767 945 1828 pro
966 1747 1110 1810 membris
1132 1745 1164 1806 in
1185 1743 1338 1808 Catholica

205 1850 316 1918 Christi
338 1849 470 1918 Ecclesia
492 1853 652 1934 agnoveris
662 1851 712 1933 8),”

529 2059 551 2140 p
572 2061 599 2120 2.
641 2057 789 2121 Ecclesiae
809 2057 994 2138 definitiones.

248 2263 446 2329 Definitiones
464 2262 631 2334 Ecclesiae,
650 2283 724 2347 quas
743 2265 774 2328 in
793 2261 879 2326 Lasci
897 2263 1017 2342 seriptis
1039 2259 1227 2326 invenimus,
1246 2258 1337 2338 longe

206 2369 341 2436 melioris
369 2377 459 2432 notae
487 2377 574 2437 sunt,
603 2385 693 2446 quem
722 2384 791 2435 cce,
819 2384 893 2446 quas
921 2364 971 2425 hio
999 2363 1060 2428 illic
1081 2362 1113 2424 in
1135 2361 1255 2442 seriptis
1276 2360 1338 2428 suls

208 2473 452 2537 commemoravit
474 2471 591 2551 potius,
612 2490 702 2551 quom
724 2470 893 2551 composuit
913 2469 1061 2532 Calvinus.
1104 2465 1171 2530 Non
1193 2467 1273 2531 enim
1296 2485 1343 2531 ac·

207 2577 324 2655 quievit
345 2577 361 2634 ia
384 2573 477 2638 Laseo
499 2577 530 2638 in
552 2575 755 2656 magniloquis
776 2574 897 2638 dicendi
923 2573 1077 2641 formulis,
1105 2589 1179 2650 quaa
1209 2569 1344 2634 aveteri

207 2676 340 2740 Ecclesia
367 2689 562 2744 mutuaverat
590 2679 745 2748 Calvinus,
775 2679 828 2740 sed
856 2679 920 2757 ipse
949 2695 1069 2756 quoquc
1097 2685 1232 2739 mentem
1259 2692 1344 2740 suam

208 2781 377 2846 accuratius
409 2783 559 2861 explicare
592 2781 718 2845 studuit.
761 2779 861 2859 Ipsum
894 2776 1090 2842 „Ecclesiae”
1120 2777 1299 2842 vocabulum
1327 2797 1344 2842 a

207 2885 301 2946 verbo
322 2886 458 2946 ἐκκαλεῖν
487 2886 623 2954 derivet,
652 2894 683 2947 et
712 2883 830 2962 saepius
858 2883 890 2942 in
916 2880 1095 2942 definitione
1118 2899 1170 2942 sua
1194 2880 1232 2944 ed
1253 2879 1345 2946 huius

210 2989 293 3066 rerlpi
312 2989 564 3070 significationem
582 2988 675 3052 redit:
697 2986 768 3052 »Dic
786 2985 900 3046 Grickx
915 2985 1033 3046 woordt
1052 2983 1197 3053 Ecclesia,
1216 2983 1346 3064 (dwelek

209 3095 281 3172 cwij
305 3091 423 3154 Keroke
445 3093 479 3152 os
497 3090 686 3170 Ghemeyntc
708 3089 849 3171 noemen)
872 3089 957 3154 heelt
979 3106 1076 3168 synon
1098 3105 1186 3150 neem
1208 3105 1267 3148 van
1289 3095 1346 3148 wt-

210 3215 358 3276 »rocpem
377 3195 478 3256 omdat
491 3193 554 3254 God
570 3237 607 3261 ...
624 3194 663 3256 dc
677 3196 751 3270 sijne
767 3195 798 3257 in
814 3211 912 3254 eenen
927 3189 1089 3271 eyghenen
1103 3188 1183 3268 hcop
1198 3199 1285 3268 roept
1297 3187 1346 3270 1).”
1412 3212 1414 3216 ’

209 3298 358 3369 Libellus,
387 3300 468 3363 unde
497 3299 572 3360 haee
594 3297 685 3360 verba
707 3298 846 3362 desumto
868 3305 955 3366 sunt,
988 3293 1157 3356 »Confessio
1179 3313 1217 3354 sc.
1240 3291 1346 3364 fidet'.

209 3423 298 3484 quam
320 3422 379 3465 una
402 3422 470 3468 eum
493 3400 675 3482 Symmystis
697 3402 759 3466 suis
774 3402 806 3464 in
825 3400 954 3481 gratiam
975 3397 1127 3464 Ecclesiae
1145 3394 1347 3464 Londincnsis

251 3730 426 3796 Efflpu
1263 3740 1264 3744 ¹

250 3814 271 3876 5)
288 3813 325 3864 It.
343 3828 367 3878 p.
386 3811 426 3866 lu.
447 3812 526 3862 tract.
545 3810 575 3861 de
592 3811 697 3862 Sacram.
717 3807 829 3874 p.102h.
853 3809 891 3860 De
911 3808 1004 3860 incorr.
1028 3806 1123 3860 certet.
1145 3807 1175 3859 A.
1197 3819 1236 3858 111.
1260 3822 1285 3859 tt.
1302 3805 1348 3872 Fr.

213 3895 247 3946 col
262 3896 329 3946 Edw.
346 3895 390 3944 VI.
408 3894 435 3942 in
453 3891 644 3952 „clericorem”
663 3907 687 3956 p.
706 3890 746 3944 ll.
764 3891 809 3955 Ep.
827 3890 861 3940 ccl
882 3890 949 3941 Bell.
970 3893 994 3940 el
1013 3889 1074 3940 Pell.
1099 3889 1157 3956 (Ser.
1178 3891 1229 3938 cccl.
1251 3885 1294 3936 IV.
1311 3887 1348 3936 1³.

211 3977 283 4042 463),
301 3979 345 4042 Ep.
362 3976 397 4026 ad
411 3978 472 4027 Buc.
491 3977 551 4038 (Ser.
570 3979 620 4025 ant.
638 3974 682 4024 IV.
701 3974 736 4022 1².
754 3973 830 4034 465.).
1399 3997 1401 4000 -

250 4061 271 4124 6)
291 4063 344 4110 Cat.
363 4059 439 4112 cccc.
456 4058 512 4108 mai.
529 4074 553 4122 p.
572 4058 612 4111 76.
629 4057 715 4108 Forma
731 4069 761 4104 cc
777 4053 841 4104 ectio
855 4053 912 4104 mic.
930 4052 1005 4106 Lond.
1019 4066 1044 4116 p.
1062 4050 1107 4109 tt,
1125 4049 1181 4104 176.
1200 4047 1268 4114 Consi
1277 4048 1349 4114 fidei.

211 4157 234 4208 p.
253 4141 276 4190 2.
297 4143 430 4202 (contuse.
447 4155 471 4202 p.
490 4139 552 4202 231,
570 4138 646 4202 232).
666 4139 713 4202 Ep.
732 4135 767 4187 ed
784 4135 838 4187 Sec.
855 4133 909 4185 Pol.
928 4133 987 4194 (Ser.
1004 4135 1055 4182 acl.
1073 4131 1123 4186 ΙΙΙ,
1141 4131 1176 4186 1⁸.
1194 4130 1269 4194 166).

251 4220 273 4288 7)
290 4224 334 4287 Ep.
346 4221 381 4272 ad
390 4221 454 4273 Elec.
467 4220 510 4270 VI.
528 4235 616 4284 praem.
637 4219 687 4276 „dr
699 4214 821 4268 Sacram.''
838 4231 861 4279 p.
874 4215 913 4263 15.
933 4214 969 4262 ct.
987 4213 1020 4264 ib.
1039 4214 1083 4272 16,
1098 4213 1139 4272 17.
1156 4211 1235 4278 oreris
1251 4227 1275 4278 p.
1289 4211 1348 4277 tit,

213 4303 268 4356 seb.
287 4307 334 4369 Ep.
354 4304 388 4354 ad
404 4305 470 4353 Bull.
488 4307 512 4354 et
528 4305 590 4353 Pell.
610 4303 669 4366 (Ser.
687 4303 737 4351 acl.
753 4298 796 4348 IV.
815 4299 850 4349 1³.
868 4298 944 4362 tta).
966 4299 1014 4364 Ep.
1031 4297 1066 4348 ad
1083 4296 1170 4349 Olrtct.
1186 4294 1235 4354 ΙΙΙ,
1254 4294 1296 4359 (ib.
1314 4295 1350 4352 II.

213 4388 248 4440 2³.
267 4387 334 4448 686.)

252 4469 272 4533 ⁸)
292 4471 336 4538 op.
348 4468 384 4520 acl
395 4469 482 4519 Christ.
492 4467 541 4517 111.
553 4467 611 4527 (Ser.
623 4470 674 4522 ccl.
685 4465 721 4516 11.
731 4466 766 4519 3¹.
777 4464 851 4530 686).
864 4462 900 4516 cf.
909 4464 990 4530 Simpl.
1002 4461 1083 4528 ctfid.
1096 4475 1163 4512 carr.
1175 4475 1198 4525 p.
1208 4459 1349 4512 tat-tot.

252 4553 271 4614 1)
294 4551 362 4618 Oonf.
372 4551 444 4618 fidel.
461 4566 486 4617 p.
504 4551 539 4602 2³.
558 4551 692 4613 (unmucc.
711 4547 786 4610 231.).
