3240 5100
749 270 808 332 153

213 473 353 552 »potenti
386 471 578 540 corroboret,
607 481 694 552 regat
727 491 760 531 ac
790 472 941 552 gubernet
957 474 1027 548 1);”
1071 477 1240 538 »Ecclesiae
1268 499 1284 539 a
1314 498 1346 540 sc

212 578 383 656 »plantatas
411 576 513 636 farore
540 595 594 636 suo
622 577 726 636 divino
755 578 897 656 prosequi
919 578 1062 659 deinceps
1084 581 1175 642 etiam
1197 583 1346 666 velit⁸);’'

211 692 378 760 postremo,
422 699 482 739 »ne
512 681 557 740 uti
585 699 705 741 causam
732 679 890 760 Euangelii
920 682 1056 751 deserat,
1085 684 1137 744 scd
1160 686 1197 745 ad
1219 689 1345 766 gloriam

211 784 288 848 »filii
317 785 363 843 sui
392 785 423 843 in
450 784 515 843 dics
541 785 731 866 illustret2).”
774 783 923 864 Operatur
944 786 1019 846 haec
1037 797 1140 848 autem
1161 790 1192 848 in
1215 791 1344 852 Ecclesia

211 887 291 948 Deus
312 889 425 948 virtute
446 888 571 966 spiritus
592 889 654 957 sui,
677 908 746 948 uam
789 891 869 948 »soii
889 891 1008 969 spiritui
1027 901 1092 951 scto
1111 893 1264 972 proprium
1283 905 1344 964 est,

210 1004 267 1052 »ut
289 1004 397 1072 potens
419 1003 509 1071 atque
531 992 636 1053 efficax
658 993 766 1053 reddat
789 993 826 1052 id
848 995 976 1053 sulutem
995 995 1170 1055 institutum
1189 1015 1206 1055 a
1225 995 1344 1059 Christo

210 1097 380 1157 »acclesiae
409 1097 610 1157 ministerium
624 1096 686 1178 11).”
727 1096 850 1156 Etenim
883 1095 931 1176 Sp.
961 1109 1043 1158 sctus
1071 1100 1192 1179 proprie
1221 1103 1342 1179 quidem

209 1203 317 1261 »iuxta
345 1201 513 1261 divinitatis
542 1219 613 1261 suae
642 1201 833 1261 existentiam
871 1202 967 1281 replet
998 1203 1097 1262 omnia
1111 1203 1179 1284 ¹¹),”
1208 1206 1261 1265 sed
1294 1205 1343 1268 hio

209 1307 310 1386 potius
331 1324 388 1365 ceu
430 1303 573 1364 »virtus'
595 1305 813 1384 intelligendus
834 1316 880 1366 est
894 1306 943 1387 11),
973 1307 1020 1366 vel
1043 1308 1135 1367 etiarn
1157 1327 1213 1369 ceu
1245 1311 1343 1390 »digi-

210 1421 281 1470 »tus
303 1409 516 1469 Providentiae
538 1418 569 1468 et
592 1409 688 1469 virtus
709 1411 864 1489 potentiae
887 1411 957 1470 Eius
970 1411 1042 1485 ¹³)‚’'
1065 1431 1119 1491 per
1139 1432 1229 1491 quem
1252 1416 1341 1475 actio·

209 1533 285 1574 ines
313 1523 433 1573 nostras
462 1531 566 1572 omnes
594 1522 626 1572 ct
655 1514 754 1574 omnia
781 1515 907 1574 consilia
934 1525 1038 1575 nostru
1068 1514 1148 1576 Deus
1176 1519 1256 1597 regit
1269 1519 1341 1599 11),”

209 1635 269 1677 »en
295 1617 412 1697 huytcu
442 1617 538 1677 wiens
567 1636 663 1697 gavcn
687 1637 738 1698 wy
759 1620 839 1679 niets
861 1620 955 1698 goeds
976 1621 1072 1690 doen,
1101 1622 1179 1681 noch
1201 1621 1288 1682 recht
1310 1625 1341 1684 in

208 1722 410 1802 »goddelichc
439 1721 532 1782 sakan
561 1732 699 1781 verstaen
728 1722 853 1782 konnen
866 1722 927 1804 ¹⁵).”
969 1721 1044 1783 Nam
1066 1726 1174 1804 spiritu
1197 1735 1341 1805 operante

207 1825 438 1905 innovamur¹⁶)
479 1845 539 1885 »an
569 1826 694 1886 werden
721 1827 795 1886 aliar
817 1827 967 1887 verkorcn
990 1826 1077 1888 herto
1099 1847 1132 1888 so
1155 1830 1341 1899 vernicant,

208 1931 282 1991 »dat
300 1949 332 1990 se
351 1931 464 1991 andare
483 1931 562 1991 ande
580 1933 702 1992 nieuwc
719 1931 884 1991 menschen
903 1931 1078 2011 beghinnen
1098 1944 1128 1993 tc
1144 1933 1269 1994 werden
1279 1934 1341 2014 ¹⁷).”

207 2033 344 2094 »Rursus
370 2035 494 2114 spiritus
523 2035 578 2094 scti
605 2034 735 2094 efficacia
758 2045 820 2103 est,
849 2045 883 2093 ut
905 2054 960 2094 nos
982 2037 1141 2097 innovatos
1164 2039 1275 2098 excitet
1297 2057 1341 2098 as-

207 2139 372 2199 »siduaad
394 2139 609 2199 obluctandum
632 2139 734 2198 sensui
755 2139 854 2198 carnis
876 2150 1013 2208 nostrae,
1032 2159 1070 2200 ne
1092 2142 1177 2201 illum
1199 2142 1341 2221 deinceps

206 2261 355 2322 »regnare
378 2243 408 2302 in
431 2243 518 2303 nobis
539 2242 752 2322 quoquomodo
774 2243 1002 2324 patiamur¹⁸),'’
1024 2245 1076 2304 sed
1100 2245 1160 2305 »ad
1183 2245 1275 2305 finem
1293 2265 1340 2306 us·

206 2366 286 2426 »que
310 2366 363 2426 per
384 2345 503 2406 assidua
527 2346 648 2424 pictatis
670 2347 856 2405 incrementa
877 2345 1180 2426 perseveremus¹⁹)‚'’
1199 2349 1340 2426 quoniam

206 2469 318 2510 »verae
351 2449 422 2510 fidei
455 2449 486 2508 in
518 2449 639 2509 Christo
672 2448 803 2528 Spiritus
835 2459 957 2508 sanctus
989 2459 1095 2510 auctor
1124 2451 1246 2530 cst²⁰).'’
1287 2450 1341 2511 Est

206 2556 352 2634 »spiritus
381 2564 462 2614 sctus
491 2565 656 2633 perpetuus
685 2555 773 2614 testis
800 2573 834 2613 ac
862 2552 1047 2633 glorificator
1068 2553 1181 2614 Christi
1203 2553 1286 2614 Doni.
1309 2557 1340 2615 in

205 2660 309 2738 somni
332 2659 398 2719 eius
423 2658 699 2737 institutione¹¹),”
728 2668 759 2718 ct
780 2669 931 2736 quatenus
974 2660 1092 2718 »omnis
1115 2660 1251 2720 veritatis
1272 2661 1340 2720 doc·

205 2763 360 2844 »tor²²)‚”
393 2781 593 2842 »quacunque
617 2762 697 2830 vult,
720 2763 829 2842 spirat,
848 2762 987 2840 donaque
1010 2781 1062 2822 sua
1084 2782 1139 2842 pro
1161 2782 1198 2824 co
1219 2783 1253 2823 ac
1275 2767 1340 2824 vult

206 2879 259 2927 »ct
289 2866 399 2946 quibus
428 2868 494 2926 vult
522 2866 652 2946 largitur
663 2866 741 2944 ²³);’'
771 2866 828 2925 etsi
878 2865 1010 2926 »haheat
1039 2867 1187 2927 donorum
1216 2887 1339 2928 suorum

205 2971 341 3051 »gradus
369 2971 458 3031 nobis
486 2972 657 3050 incognitos
668 2970 733 3052 11).”
775 2967 874 3030 »Suos
899 2970 1031 3048 deuique
1054 2970 1159 3030 ubiubi
1181 2973 1339 3052 coniungit

205 3073 374 3135 »Dominus
403 3094 457 3154 per
479 3076 609 3136 eundem
633 3073 710 3156 Spir.
732 3083 845 3144 sctum,
875 3074 992 3133 etiamsi
1014 3075 1187 3153 longissime
1209 3076 1338 3136 invicem

243 3309 262 3372 1)
281 3312 367 3360 Forma
383 3325 413 3358 ac
428 3312 475 3358 rat.
493 3309 549 3358 mia.
566 3307 642 3357 Lond.
660 3325 683 3373 p.
702 3308 742 3356 38.
876 3304 896 3367 ⁸)
914 3304 950 3354 Ib.
968 3321 991 3370 p.
1010 3304 1050 3359 77.

242 3392 261 3453 1)
283 3395 363 3440 Tratc.
381 3392 410 3440 dc
427 3393 532 3440 Sacram.
550 3406 573 3454 p.
593 3390 644 3438 58³.
779 3386 809 3451 ¹⁰)
828 3389 914 3437 Forma
932 3402 962 3436 ac
978 3389 1024 3436 rat.
1043 3387 1098 3438 mia.
1116 3388 1191 3438 Lond.
1209 3404 1233 3452 p.
1252 3391 1308 3440 593.

183 3474 186 3482 ’
231 3472 262 3533 ¹¹)
282 3473 324 3536 Ep.
343 3472 377 3520 ad
392 3471 515 3521 Hardcnd.
535 3471 594 3533 (Sor.
612 3475 663 3520 ant.
681 3471 716 3520 II.
734 3471 769 3520 2n.
787 3488 811 3536 p.
830 3470 906 3531 tto).

230 3553 261 3615 11)
280 3553 316 3604 Cf.
340 3557 420 3603 Tract.
441 3553 471 3601 de
492 3554 596 3602 Sacram
617 3568 641 3617 p.
660 3551 733 3602 1241).
748 3554 786 3602 Dc
801 3551 967 3601 incarnatione
986 3552 1077 3600 Christi
1091 3551 1121 3603 D.
1132 3565 1157 3602 v.
1171 3555 1202 3602 θ.
1214 3557 1247 3603 K.
1259 3568 1294 3604 1v.
1306 3560 1335 3616 β,

201 3637 288 3687 Forma
304 3652 334 3685 ac
349 3641 396 3686 rat.
414 3637 469 3685 mia.
487 3636 562 3687 Load.
580 3651 603 3699 p.
621 3637 661 3689 79.
679 3639 704 3684 ct
723 3637 775 3684 Cat.
792 3635 867 3684 Load.
884 3635 939 3684 mai.
957 3651 980 3699 p.
999 3635 1029 3684 51
1048 3633 1079 3684 al.

229 3718 315 3781 ¹³).Dc
331 3719 451 3767 incarnat.
472 3718 562 3767 Christi
577 3715 608 3768 D.
628 3729 651 3766 v,
670 3735 694 3780 γ.
797 3716 828 3778 11)
848 3718 933 3766 Forma
950 3732 981 3765 ac
996 3721 1043 3766 rat.
1062 3718 1117 3766 min.
1134 3719 1209 3769 Load.
1227 3736 1250 3784 p.
1267 3723 1323 3770 545.

229 3802 260 3862 ¹⁵)
280 3805 332 3850 Cat.
350 3801 426 3850 Lond.
443 3802 498 3850 mai.
516 3817 539 3865 p.
558 3800 599 3853 74.

229 3884 259 3945 ¹⁶)
277 3885 314 3933 De
329 3885 422 3932 incarn.
443 3885 530 3934 Christi
547 3883 581 3934 K.
600 3895 635 3931 lv,
654 3900 679 3931 a.
698 3882 734 3932 Cf.
753 3881 839 3932 d'orma
856 3896 886 3931 ac
901 3885 948 3930 rat.
967 3882 1022 3930 min.
1040 3881 1114 3930 Lond
1132 3897 1154 3946 p.
1173 3884 1229 3934 366.

228 3967 259 4030 11)
279 3971 331 4018 Cat.
348 3968 423 4018 Lond.
441 3969 496 4018 mai.
514 3985 538 4033 p.
556 3967 596 4020 75.
732 3966 763 4028 ¹⁸)
782 3967 819 4015 De
835 3967 927 4016 incarn.
948 3966 1036 4015 Christi
1052 3965 1087 4018 K.
1105 3978 1141 4017 rr.
1158 3970 1188 4027 β.

227 4049 258 4110 11)
277 4050 363 4099 Forma
380 4067 410 4099 ac
426 4055 474 4102 rat.
492 4053 548 4101 mia.
566 4052 641 4101 Lond.
659 4068 682 4116 p.
702 4051 758 4099 102.

226 4132 257 4196 11)
275 4132 311 4182 lb.
330 4150 352 4198 p.
371 4133 428 4182 163.
447 4133 483 4183 Cf.
504 4136 555 4184 Cat.
574 4134 648 4185 Lond.
667 4135 722 4183 ncai.
740 4149 764 4198 p.
784 4133 828 4192 51,
848 4133 888 4184 52.

225 4216 257 4274 11)
276 4215 362 4266 Forma
380 4231 410 4264 ac
426 4220 473 4265 rat.
492 4218 548 4265 min.
566 4216 642 4266 lond.
660 4231 682 4279 p.
702 4216 758 4265 tua.
777 4215 813 4265 Cf.
834 4215 912 4264 Tract.
930 4215 960 4263 dc
977 4214 1085 4264 Sacram.
1102 4227 1126 4278 p.
1144 4213 1197 4266 681).

224 4299 256 4362 11)
275 4300 312 4348 Da
337 4300 430 4348 incarn.
454 4297 544 4347 Christi
560 4297 596 4347 Ib.
615 4310 639 4348 v.
659 4301 683 4361 ζ.
711 4297 747 4347 Os.
765 4298 810 4362 Ep.
828 4295 862 4344 ad
878 4295 970 4359 Sipicm.
990 4298 1049 4357 (Scr.
1067 4303 1118 4346 ant.
1138 4296 1186 4345 III.
1205 4298 1240 4348 1³.
1259 4298 1333 4361 132.)

194 4382 239 4446 Ep.
257 4381 333 4430 dedic.
352 4381 378 4431 in
396 4381 482 4431 Forma
501 4397 531 4428 cc
548 4385 595 4430 rat.
613 4382 668 4430 min.
686 4381 761 4431 lond.
780 4397 802 4444 p.
821 4380 861 4427 49.
882 4381 933 4428 Cat.
952 4377 1028 4428 Lcrd.
1046 4380 1101 4429 mai.
1120 4395 1143 4443 p.
1162 4378 1202 4430 75.

224 4463 254 4523 13)
274 4464 315 4528 up.
334 4464 410 4513 dedic.
428 4479 517 4528 praem.
536 4463 613 4513 d'orm.
631 4478 661 4511 ac
677 4467 725 4513 rat.
743 4464 799 4512 mia.
818 4461 894 4511 [aad.
913 4475 936 4528 p.
954 4462 995 4512 49.

223 4544 254 4606 11)
275 4547 355 4596 Tract.
374 4545 404 4595 dc
420 4547 526 4595 Sacram
544 4545 615 4610 precs.
634 4560 657 4610 p.
676 4547 699 4594 5.
