3228 5102
799 285 839 346 60

253 488 506 550 »necessitatibus
527 487 641 546 nostris
662 485 820 553 subvenit,
841 485 938 545 donec
960 485 1067 545 militia
1089 494 1193 545 nostro
1218 487 1385 565 perfuncti,

253 611 419 652 »vocemur
440 592 471 650 in
495 589 683 670 triumphum
702 588 766 670 ³⁹).”
807 587 852 648 Ita
874 587 1027 648 Christum
1050 590 1111 648 suis
1133 590 1232 650 edesse
1252 609 1385 670 semper,

252 697 344 776 inque
373 695 445 773 ipsis
474 693 607 753 habitare
636 693 748 771 absque
778 693 859 752 oanni
891 693 1081 752 dubitatione
1110 694 1223 773 ubique
1252 695 1386 755 locorum

253 819 308 860 nos
329 799 438 859 doecre
458 795 486 857 S.
506 799 606 876 script.
628 795 757 856 firrriiter
775 795 916 855 Calvinus
937 797 1129 874 pronuntiat;
1152 797 1176 856 si
1195 808 1300 858 contra
1326 799 1386 860 »de

253 902 365 963 »modo
387 901 575 981 praesentiae
597 900 768 979 quaeritur,
792 899 986 958 referendum
1008 899 1037 959 id
1058 919 1123 960 esse
1142 901 1240 981 dic(it)
1261 903 1298 962 ad
1321 921 1386 982 gra-

255 1007 350 1066 „tiam
373 1014 404 1064 et
426 1005 570 1064 virtutem
590 1002 653 1083 ⁴⁰).”
674 1037 714 1047 -
735 1001 846 1061 Christi
875 1021 1002 1081 regnum
1025 1013 1133 1063 natura
1155 1022 1208 1064 sua
1230 1005 1386 1084 spirituale

254 1119 301 1169 est
319 1119 409 1187 atque
429 1117 586 1168 aeternum
604 1105 655 1185 41),
677 1105 758 1184 quod
777 1115 808 1164 ct
830 1107 954 1185 egregie
971 1105 1098 1166 historia
1116 1107 1288 1178 confirmat,
1310 1125 1387 1186 quac

254 1213 359 1281 docet,
393 1211 567 1272 »Christum
590 1209 741 1270 Ecclesiae
759 1227 830 1269 suae
848 1228 953 1269 revera
973 1209 1105 1270 lideliter
1123 1211 1270 1288 adso-isse,
1287 1209 1387 1271 Eccle-

255 1317 351 1375 »siam
380 1314 495 1374 virtute
524 1332 577 1372 sua
600 1311 691 1390 foisse
712 1319 922 1381 conservatam,
951 1331 989 1372 ne
1012 1313 1141 1392 periret;
1170 1314 1278 1392 spiritu
1297 1313 1389 1391 fnisse

254 1419 458 1498 pubertatem,
480 1435 518 1476 ne
540 1436 556 1475 a
579 1416 707 1475 veritate
730 1415 882 1474 excideret
902 1414 968 1493 44).”
1010 1415 1120 1477 Sivissc
1149 1417 1271 1496 quidem
1296 1417 1388 1476 inter·

255 1523 344 1591 dum,
376 1530 433 1580 »ut
462 1519 667 1579 Antichristus
694 1519 790 1598 palam
819 1528 1008 1598 grassaretur
1030 1539 1063 1578 ac
1089 1521 1282 1599 tyrannidem
1304 1538 1388 1580 exer-

256 1634 361 1685 »oerct
383 1625 413 1684 in
437 1623 569 1684 Ecclesia
588 1623 655 1704 44),”
688 1641 828 1702 »semper
847 1632 947 1683 tamen
967 1623 998 1682 in
1018 1633 1101 1682 tanta
1123 1625 1208 1684 clade
1230 1641 1299 1683 suos
1320 1641 1389 1682 con·

256 1728 461 1796 »servavisse
492 1737 527 1787 ut
558 1743 596 1786 ex
627 1726 726 1786 media
758 1735 855 1786 morte
884 1726 957 1785 salvi
980 1726 1146 1786 evaderent
1165 1725 1229 1805 44).”
1271 1725 1326 1786 Vel
1348 1727 1390 1785 sic

255 1842 358 1892 tamen
380 1831 547 1892 cavendum
570 1849 636 1890 esse
657 1839 777 1898 monet,
799 1849 837 1889 ne
860 1848 956 1908 aequo
978 1831 1045 1908 plus
1064 1829 1154 1890 huius
1173 1831 1260 1910 regni
1278 1839 1390 1910 myste-

256 1935 301 1994 ria
330 1934 514 2013 perscrutari
543 1933 734 2001 studeamus,
767 1951 850 1992 »non
879 1934 961 1993 enim
989 1943 1089 1993 tutum
1118 1952 1183 1994 esse
1208 1934 1246 1994 de
1268 1933 1391 1993 coelesti

258 2035 450 2096 »hierarchia
472 2037 552 2096 ultra
574 2037 696 2096 modum
719 2054 824 2114 sapere
836 2035 899 2117 41).”
931 2035 1087 2105 Quomodo
1109 2047 1216 2117 regnet
1238 2036 1391 2104 Christus,

257 2139 344 2200 nobis
373 2140 541 2200 revelatum
570 2157 631 2199 non
654 2148 715 2207 est,
738 2157 830 2217 quare
852 2147 934 2198 certa
963 2140 994 2199 in
1017 2140 1127 2199 talibus
1156 2139 1284 2200 sulliciat
1305 2139 1392 2199 nobis
1420 2130 1423 2136 ’

256 2242 349 2312 fides,
371 2245 490 2323 qualem
513 2244 576 2322 ipsc
598 2241 739 2303 Calenus
760 2243 924 2322 expressit,
945 2243 997 2302 ubi
1020 2243 1062 2302 sic
1084 2244 1115 2302 in
1137 2242 1249 2304 Christi
1270 2243 1390 2304 laudem

257 2339 411 2408 decantat:

359 2451 437 2510 »Ille
459 2449 581 2528 quidem
605 2449 669 2508 sine
691 2448 752 2508 fine
774 2449 854 2528 regit
876 2459 1060 2529 regnatque,
1082 2469 1138 2510 nec
1159 2451 1246 2510 annis

396 2551 554 2612 »Finitum
578 2561 679 2620 tenet,
701 2560 754 2611 aut
776 2551 929 2612 mensibus
950 2553 1109 2632 imperium

355 2655 545 2715 »Aeternum
565 2653 637 2714 huic
658 2654 750 2715 decus
772 2663 834 2722 est,
856 2665 979 2715 aeterna
1002 2657 1137 2735 potentia
1159 2656 1246 2735 regni

396 2755 515 2827 »Quam
537 2759 638 2817 nullus
660 2758 772 2826 variat,
794 2759 996 2838 diminuitque
1018 2759 1083 2818 dies
1102 2758 1169 2835 44).”

273 2963 294 3046 p
315 2965 342 3023 d.
384 2962 441 3024 &tr
462 2962 538 3023 Dens
560 2963 705 3023 honinem
725 2963 885 3024 ministerio
906 2965 938 3025 in
959 2963 1090 3026 Ecclesiae
1111 2965 1241 3044 rependo
1261 2971 1367 3025 otetur.

295 3171 329 3232 ln
351 3171 545 3250 praecedenti
567 3171 588 3252 5
610 3171 780 3231 audivimus
802 3170 959 3232 Calvinum
982 3173 1150 3240 dicentem,
1179 3171 1275 3232 Deum
1311 3171 1388 3231 »oli-

255 3274 393 3354 »qcoodo
414 3275 499 3334 ccrtc‘s
519 3274 622 3334 mediis
645 3274 776 3352 rorpah
804 3273 949 3354 Spiritum
972 3295 1076 3344 suum,
1102 3295 1191 3354 quem
1213 3275 1387 3336 immediate

255 3378 433 3456 ceteroquin
462 3377 600 3438 effundit.
644 3376 685 3438 lle
715 3397 749 3439 ea
776 3377 830 3440 Dei
852 3380 883 3439 in
906 3378 1069 3440 Ecclesiam
1092 3379 1269 3447 efficientia,
1298 3397 1387 3457 quam

254 3479 563 3558 nullisinterpositis
588 3463 697 3538 mediis
719 3480 837 3559 operari
859 3482 952 3549 solet,
981 3481 1119 3541 vidimus.
1163 3479 1257 3542 lnstat
1278 3483 1387 3562 Igitur,

254 3591 289 3642 ut
318 3576 356 3642 dc
386 3580 439 3643 Ilei
466 3601 519 3661 per
546 3580 683 3642 homines
713 3581 863 3644 Ecclesiae
893 3585 1040 3666 regimine
1068 3584 1183 3646 Calviui
1206 3587 1388 3646 sententiam

255 3685 459 3753 sciscitemur,
491 3685 627 3765 adeoque
659 3686 822 3747 dicendum
853 3688 941 3748 nobis
973 3689 1033 3748 erit
1093 3689 1149 3748 »de
1181 3688 1295 3757 ordine,
1328 3707 1388 3768 quo

284 3942 316 4005 44)
333 3943 396 3993 Inst.
420 3940 455 3992 11.
478 3941 518 3992 15.
542 3941 564 3992 3.
588 3943 617 3992 cl.
644 3944 691 3994 ott.
714 3944 776 3996 adm.
797 3947 832 3996 cd
846 3959 866 3998 t.
884 3959 992 3998 wnsnru.
1009 3947 1075 3997 Tem.
1093 3947 1163 3998 VIII.
1181 3948 1249 3998 6954.
1267 3950 1328 3999 Just.
1344 3947 1386 3998 IV.

257 4024 588 4089 esctmmmadspt.
608 4025 1322 4087 1.2a‚·1v.15;V.asetadeot.1.1s.et11.so.

284 4105 317 4169 ¹¹⁰)
338 4107 385 4156 Ult.
403 4105 466 4156 adm.
483 4105 518 4154 ad
533 4119 554 4156 r.
571 4117 680 4158 amaru.
698 4107 764 4160 Tem.
781 4109 852 4162 VIII.
870 4112 939 4163 695⁸.

284 4188 316 4251 ⁴¹)
336 4189 397 4238 Inst.
414 4186 449 4237 II.
467 4186 507 4238 15.
526 4187 557 4246 3,
573 4190 597 4238 4.

285 4269 317 4332 44)
334 4269 404 4333 Resp.
421 4271 496 4318 contr,
513 4279 584 4318 Pacu.
602 4269 669 4320 Eone.
687 4271 758 4324 VIII.
777 4272 847 4324 ilsb.
870 4275 899 4326 ef.
917 4277 1044 4341 Epinieicn
1067 4279 1160 4330 Christo
1180 4281 1270 4331 contat.
1289 4293 1324 4330 vs.
1342 4278 1387 4339 60,

257 4351 298 4402 61.
315 4350 381 4399 Tem.
399 4349 470 4399 VIII.
489 4350 541 4402 10³.

284 4432 316 4496 43)
335 4431 372 4482 Ib.
472 4430 504 4494 ⁴⁴)
522 4431 560 4481 Ib.
663 4434 697 4499 44)
713 4438 775 4489 Inst.
793 4438 836 4489 Ill.
854 4439 877 4489 6.
896 4439 935 4490 10.

284 4515 316 4578 ⁴⁰)
333 4513 460 4580 Epinicion
479 4513 573 4566 Christo
592 4516 688 4568 cantat.
706 4517 741 4570 rs.
759 4521 867 4571 11-15.
885 4519 951 4573 Tem.
970 4521 1039 4573 VIII.
1058 4521 1109 4575 102.
