3240 5100
850 291 910 352 tlt

313 489 594 575 »Kirchcnbegrifis
626 492 688 554 und
720 493 769 554 die
802 491 936 556 Position
968 493 1053 555 eines
1083 509 1201 563 neuen,
1236 491 1269 552 in
1300 487 1457 552 welchem

312 595 418 656 »nicht
448 596 536 658 mehr
567 597 621 658 das
648 595 788 667 Institut.
821 598 953 659 sondcrn
982 598 1036 658 das
1064 595 1189 676 Subjcct
1211 604 1311 657 zuerst
1332 602 1457 676 gesetzt

315 698 465 781 »war¹).”
507 699 595 771 Quod
617 701 691 762 dicit
712 700 880 772 Schenkel,
902 701 982 783 apud
1003 699 1207 762 Romanenses
1228 700 1326 780 ipsum
1348 697 1455 758 Eccle-

313 801 376 864 siae
407 801 582 866 institutum
615 803 745 883 primum
775 804 906 884 positum
938 822 1020 874 esse,
1051 803 1129 864 nibil
1157 802 1240 864 aliud
1269 810 1331 872 est,
1359 819 1457 880 quam

315 905 397 984 quod
420 906 486 968 aliis
507 907 608 970 verbis
629 926 719 988 supra
740 909 927 978 monuimus,
942 907 1117 970 institutum
1129 905 1281 968 Ecclesiae
1292 904 1386 968 veluti
1398 922 1455 964 ex·

314 1009 464 1074 trinsecus
495 1009 636 1072 fidelibus
667 1012 840 1092 impositum
871 1031 926 1093 per
957 1030 989 1072 se
1021 1011 1148 1092 cogitari
1180 1029 1282 1090 posse,
1314 1007 1455 1088 quamvis

315 1132 438 1194 prorsus
456 1115 597 1178 deessent
614 1114 736 1186 fideles,
755 1115 865 1194 quibus
880 1115 1098 1196 imponeretur.
1141 1113 1236 1184 Quam
1254 1113 1341 1173 facile
1359 1127 1455 1191 porro

315 1225 347 1276 et
367 1217 480 1278 nullius
500 1216 564 1278 fere
585 1217 701 1297 negotii
725 1229 877 1288 reserat,
898 1217 1069 1278 istiusmodi
1090 1215 1269 1281 Ecclesiam.
1290 1233 1367 1296 quac
1388 1231 1454 1274 uon

315 1318 397 1382 inter
418 1319 498 1400 ipsos
520 1319 626 1382 fideles
646 1321 743 1382 veluti
764 1330 956 1391 nasceretur,
978 1321 1032 1382 sed
1053 1330 1156 1382 mente
1178 1329 1297 1380 tantum
1317 1334 1453 1397 compre·

315 1421 524 1495 hendebatur‚
553 1425 693 1488 omnibus
720 1426 856 1486 numeris
881 1425 1037 1486 absolvere
1066 1435 1157 1506 atque
1178 1422 1340 1504 perlicere,
1360 1438 1455 1481 unam

315 1529 508 1609 promulgare
540 1548 623 1600 eam,
648 1539 782 1592 sanctam
810 1540 842 1590 et
871 1530 1060 1592 infallibilem
1089 1530 1289 1610 proclamare,
1318 1545 1367 1588 res
1388 1526 1455 1606 ipsa

314 1632 466 1711 loquitur,
487 1642 519 1696 et
540 1634 712 1696 luculenter
733 1634 837 1694 docuit
858 1633 995 1696 historia.
1038 1632 1137 1704 Quum
1159 1633 1255 1714 igitur
1276 1631 1456 1692 reformato·

314 1753 364 1796 res
395 1736 426 1797 in
459 1737 558 1816 ipsum
590 1735 725 1798 fidelium
754 1736 854 1796 sinum
882 1734 1046 1796 Ecclesiam
1072 1735 1263 1803 detulerant,
1284 1733 1456 1792 necessarie

315 1838 466 1902 Ecclesiae
488 1839 691 1920 perfectitudo
713 1841 821 1920 ingens
841 1840 921 1920 cepit
939 1839 1095 1908 damnum,
1117 1839 1227 1919 quippe
1245 1838 1278 1898 in
1295 1835 1457 1897 hominum

315 1951 405 2005 coetu
434 1942 545 2006 dehinc
573 1942 751 2013 inhaerens,
780 1944 832 2022 qui
865 1953 896 2004 et
929 1943 992 2004 falli
1015 1952 1140 2024 possunt
1161 1953 1193 2003 et
1214 1941 1361 2003 labuntur
1381 1956 1456 2019 quo-

316 2045 406 2115 tidie:
427 2045 487 2108 nisi
508 2065 576 2108 cunr
598 2045 805 2127 Anabaptistis
826 2046 882 2107 tibi
904 2065 1004 2108 sumas
1022 2047 1143 2128 proprio
1160 2056 1257 2108 marte
1276 2045 1456 2126 dignoscere

315 2148 489 2210 infervere
519 2147 631 2213 Christi
660 2148 766 2210 fideles
787 2158 819 2209 et
840 2167 908 2219 eos,
937 2149 990 2228 qui
1013 2149 1143 2228 speciem
1165 2148 1237 2209 fidei
1259 2158 1380 2209 tantum
1403 2146 1455 2207 ob·

315 2251 458 2314 tendunt.
500 2249 566 2314 Una
598 2271 666 2314 cum
695 2251 944 2314 reformatoribus
979 2253 1105 2332 reliquis
1136 2253 1201 2314 fere
1233 2251 1388 2320 omnibus,
1420 2258 1457 2310 ut

234 2371 236 2376 ·
316 2372 406 2434 cupra
428 2353 574 2425 vidimus,
597 2355 739 2417 Calvinus
757 2356 899 2436 dogmate
920 2355 1081 2416 invisibilis
1103 2354 1254 2417 Ecclesiae
1277 2373 1343 2416 sese
1365 2371 1456 2433 expe·

316 2457 382 2522 dire
404 2467 530 2520 conatus
549 2468 595 2522 est
613 2476 656 2522 exi
668 2459 800 2539 laqueis,
823 2459 933 2538 quibus
951 2459 1121 2520 necessarie
1133 2479 1202 2520 cum
1213 2455 1454 2520 Romanensibus

316 2563 522 2626 controversia
544 2581 596 2626 cos
617 2564 800 2625 irretirerat.
844 2563 916 2624 Tam
939 2563 1045 2625 subtili
1063 2564 1259 2625 distinctione
1277 2581 1383 2644 parum
1404 2561 1455 2622 de·

316 2662 447 2726 lectatus
475 2663 624 2737 dLasco,
652 2676 684 2728 et
709 2665 868 2747 Euangelii
891 2667 1018 2747 vestigia
1046 2668 1179 2748 pressius
1207 2677 1328 2728 secutus
1354 2665 1455 2726 istius·

319 2768 401 2830 modi
423 2770 616 2850 cogitationis
638 2769 784 2851 figmento
806 2771 953 2830 calculum
975 2789 1063 2830 suum
1081 2789 1230 2850 nusquam
1249 2769 1380 2838 addidit,
1402 2766 1456 2828 sed

319 2888 438 2951 semper
465 2883 497 2934 et
526 2873 638 2952 ubique
666 2873 800 2934 locorum
829 2872 980 2934 Ecclesiae
1009 2875 1131 2934 nomine
1154 2894 1220 2934 eam
1241 2874 1381 2954 designat
1402 2870 1456 2932 ho·

319 2975 436 3036 minum
458 2977 741 3056 congregationem,
764 2994 840 3056 quae
859 2976 891 3036 in
910 2986 991 3036 terra
1010 2977 1201 3057 refectoque
1220 2977 1333 3045 adfuit,
1355 2975 1456 3045 adest,

321 3079 384 3140 sive
414 3077 529 3149 aderit,
557 3088 648 3158 atquc
671 3077 765 3139 oculis
786 3077 1029 3156 conspiciendam
1050 3097 1116 3138 sese
1139 3078 1273 3158 praebet.
1315 3077 1456 3140 Nondum

316 3191 454 3244 sanctam
476 3201 542 3244 cam
563 3199 629 3243 esse
651 3181 780 3244 necdum
802 3181 982 3261 perfectam,
1003 3181 1057 3241 sed
1078 3182 1246 3260 promiscue
1274 3183 1307 3242 in
1331 3200 1460 3243 cavere

322 3283 435 3346 Christi
463 3284 569 3348 fideles
598 3304 666 3346 cum
694 3285 794 3364 pravis
816 3285 930 3346 versari
952 3303 987 3344 ac
1007 3283 1192 3364 hypocritis,
1221 3287 1342 3364 penitus
1364 3285 1459 3346 sensit

320 3397 424 3452 noster
444 3398 477 3452 et
498 3391 579 3452 ultro
601 3389 755 3450 confessus
777 3398 837 3457 est;
861 3389 908 3450 vel
930 3388 972 3448 sic
994 3398 1096 3449 tamen
1118 3388 1263 3450 continuo
1282 3389 1311 3448 ei
1331 3388 1370 3448 ob
1390 3407 1459 3448 ocu·

322 3490 367 3554 los
384 3493 563 3558 versabatur
580 3491 831 3574 perfectissimum
849 3491 1000 3554 Ecclesiae
1020 3493 1185 3573 exemplar,
1207 3491 1358 3552 Ecclesiae
1379 3491 1459 3552 illius

323 3595 389 3658 sine
417 3599 534 3659 macula
563 3617 597 3659 ac
618 3617 710 3678 ruga,
739 3616 828 3677 quam
856 3607 959 3657 mente
988 3597 1162 3676 complexus
1190 3596 1393 3680 instauratum
1421 3594 1459 3655 iri

325 3701 489 3782 aliquando
510 3701 676 3762 certissime
702 3700 909 3781 exspectabat;
932 3719 1031 3780 nequae
1056 3719 1199 3779 umquam
1218 3719 1234 3760 a
1253 3718 1304 3778 spe
1325 3697 1461 3777 seiungit

324 3809 472 3876 animum,
502 3805 575 3885 quin
604 3803 723 3865 assidua
749 3802 860 3864 Christi
890 3803 1115 3883 praedicatione
1144 3811 1176 3862 ct
1200 3801 1327 3862 fraterni
1349 3800 1459 3860 amoris

277 3890 283 3902 ’
323 3909 583 3975 demonstratione
600 3907 651 3968 bic
669 3909 728 3968 iam
746 3907 777 3968 in
796 3906 910 3967 mundo
928 3907 1043 3988 degens
1061 3905 1193 3968 Ecclesia
1212 3923 1301 3984 quam
1323 3904 1458 3984 proxime

324 4016 396 4077 olim
424 4014 462 4075 ad
490 4031 580 4074 verae
609 4010 759 4072 Ecclesiae
785 4011 941 4072 notionem
966 4009 1133 4070 accederet.
1176 4006 1241 4088 Ipse
1269 4025 1393 4068 manum
1422 4006 1460 4066 ad

324 4137 399 4199 opus
430 4116 565 4178 admovit
596 4115 729 4194 fecitque
761 4113 944 4194 periculum,
977 4124 1012 4174 ut
1040 4113 1187 4174 conderet
1214 4109 1395 4177 Ecclesiam,
1428 4109 1459 4169 in

322 4219 410 4282 cuius
438 4221 522 4300 rugis
550 4219 737 4299 expoliendis
763 4218 948 4298 maculisque
975 4237 1009 4278 ac
1030 4217 1133 4278 naevis
1155 4212 1366 4294 abstergendis
1388 4212 1460 4272 assi·

322 4325 413 4387 duam
434 4332 560 4386 navaret
579 4339 716 4403 operam,
744 4321 842 4383 donec
863 4322 1034 4402 primaevae
1056 4320 1112 4381 sub
1134 4317 1285 4401 Apostolis
1306 4313 1459 4377 Ecclesiae

362 4558 382 4624 ¹)
399 4569 508 4612 numos.
526 4550 736 4620 fleat-Encpclop.,
753 4550 780 4602 in
797 4565 866 4602 vocer
883 4548 1003 4604 Kirchc.
1020 4552 1044 4602 s.
1062 4547 1119 4606 bid.
