3228 5102
768 301 808 364 ts

224 523 299 566 »ore
321 504 436 584 pariter
457 501 675 583 glorificemus.
698 503 790 584 idque
812 505 926 584 palam.
944 513 979 566 ut
995 523 1099 566 ornnes
1118 503 1247 566 vicissim
1266 523 1282 564 a
1301 521 1356 564 suo
1386 562 1390 568 .

223 609 373 688 »quiaque
391 607 485 670 fratrc
500 607 718 668 consessionem
737 607 809 670 lidci
828 609 975 690 accipiant
991 619 1025 670 et
1042 609 1081 672 ad
1098 610 1164 671 eius
1184 609 1356 688 exemplum

223 714 415 774 »invitentur
446 721 478 771 ct
510 711 678 772 incitentur
704 711 766 794 η).”
816 711 941 792 Semper
972 723 1075 774 eutem
1110 731 1178 774 cum
1214 713 1356 774 adiuncta

223 825 437 898 »peccatorum
455 815 642 876 consessione
659 814 721 896 ¹³)’'‚
750 819 843 876 'rcum
855 814 965 876 fiducia
976 826 1067 895 atque
1078 816 1282 895 intelligentia
1293 813 1357 896 ¹⁴)’2

224 921 278 982 »in
299 919 421 980 nomine
440 917 552 980 Christi
571 918 609 978 ad
628 917 748 980 Patrem
760 918 813 1000 ¹⁵)''
832 919 1016 998 precandum
1034 939 1099 980 esse
1118 920 1215 980 docet.
1247 919 1356 982 Preces
1430 972 1431 976 ,

223 1025 262 1086 ad
279 1033 393 1084 certem
411 1022 563 1101 quandem
580 1021 739 1082 sor-mulam
766 1032 928 1102 conceptae
940 1021 985 1104 ¹⁶),
1018 1032 1104 1084 »tum
1123 999 1355 1093 horis'stativis,

223 1138 310 1188 »tum
329 1125 458 1186 subinde
474 1125 505 1185 in
520 1125 635 1186 meiore
647 1126 747 1204 aliqua
765 1125 945 1186 necessitate
964 1126 1122 1188 condictae
1138 1125 1182 1207 ¹⁷).
1203 1125 1264 1186 »ad
1282 1126 1355 1188 inci-

223 1230 332 1294 tandos
362 1227 498 1290 fidelium
528 1229 643 1288 animos
667 1247 807 1307 magnam
826 1228 1123 1290 utilitatem'habere
1145 1230 1252 1290 solent.
1284 1227 1355 1292 Fer-

222 1335 322 1396 vidam
344 1351 399 1414 pro
421 1333 498 1394 vivis
519 1331 766 1392 intercessionem
785 1332 889 1393 laudat
907 1341 998 1412 etque
1016 1332 1219 1402 commendat.
1240 1363 1281 1378 «-
1300 1350 1355 1414 pno

223 1437 376 1499 defunctis
397 1445 503 1498 contra
524 1435 674 1516 improbat
696 1434 893 1498 vehementer
912 1436 955 1516 ¹⁸).

264 1541 292 1601 b.
326 1538 447 1602 Coretum
464 1538 612 1618 publicum
633 1540 843 1609 retinendum.
868 1549 899 1602 et
921 1539 974 1602 ubi
995 1539 1055 1625 iam
1077 1538 1243 1608 exciderat,
1268 1539 1355 1600 resti·

224 1644 371 1705 tuendum
396 1661 461 1705 esse
483 1651 603 1712 censet,
625 1652 769 1722 tanquam
803 1643 1049 1704 »sanctissimum
1071 1651 1103 1704 et
1123 1640 1355 1702 saluberrimum

223 1749 435 1817 »institutum
464 1747 633 1809 cavendnm
661 1759 763 1808 tamen
792 1748 969 1828 diligenter,
997 1767 1036 1809 ne
1059 1747 1097 1808 ad
1117 1745 1356 1808 modulationem
1376 1779 1442 1806 f

224 1852 428 1914 »intensiones
456 1852 517 1912 sint
546 1870 650 1922 aures,
679 1871 768 1931 quarn
797 1851 889 1912 animi
917 1852 956 1912 ad
985 1852 1173 1932 spiritualem
1195 1850 1356 1914 verborum

224 1973 368 2016 »sensum
388 1955 449 2036 ’ψ’
593 1936 596 1945 ’

263 2079 288 2119 e.
316 2057 385 2119 Dies
405 2057 507 2136 festivi.
540 2057 606 2119 Diei
620 2058 763 2119 dominici
781 2059 922 2120 stativam
940 2059 1182 2122 observationem
1200 2058 1357 2140 hocpacto

222 2162 295 2226 ferri
318 2179 404 2240 posse
427 2162 457 2222 in
480 2161 613 2223 Ecclesia
636 2161 803 2222 Christiana
826 2162 915 2224 docet
937 2162 1091 2233 Calvinus,
1119 2173 1154 2224 ut
1182 2182 1236 2244 pro
1260 2162 1356 2225 homi·

223 2285 296 2326 num
329 2264 505 2327 infirmitate
548 2265 642 2324 »stati
674 2265 735 2324 sint
771 2265 836 2326 dics
864 2265 902 2325 ad
930 2275 1098 2342 conventus
1131 2265 1356 2328 Ecclesiasticos

223 2369 417 2436 »habendos‚
446 2367 541 2428 servis
569 2367 642 2428 item
671 2377 703 2428 et
733 2368 878 2447 operariis
899 2387 953 2428 sua
975 2369 1066 2429 detur
1087 2371 1103 2428 a
1125 2369 1228 2431 labore
1253 2373 1356 2432 remis·

224 2473 291 2532 »sio
310 2472 376 2554 ¹⁰),''
405 2472 496 2532 modo
532 2471 632 2532 »absit
664 2472 843 2551 mysterium
877 2472 1034 2552 spirituale
1067 2472 1098 2532 in
1131 2491 1168 2532 co
1196 2473 1253 2534 sibi
1281 2473 1357 2555 figu-

224 2595 291 2636 rare
310 2575 373 2657 ¹¹).’'
415 2573 481 2636 Non
510 2584 556 2636 est
585 2575 692 2654 igitur,
719 2593 775 2635 cnr
796 2575 884 2635 anxie
906 2575 938 2635 in
956 2574 1014 2636 hoc
1036 2576 1085 2636 vel
1107 2577 1159 2638 illo
1181 2577 1230 2638 die
1252 2577 1357 2662 haeres

190 2667 198 2675 ”
223 2699 340 2748 remus,
369 2699 462 2759 quere
490 2678 654 2740 confitetur
686 2697 739 2740 »se
768 2697 831 2738 non
853 2679 1066 2740 damnaturum
1089 2698 1154 2740 esse
1176 2675 1340 2742 Ecclesiam
1349 2711 1361 2751 ,¹

224 2803 323 2864 »quac
346 2764 419 2844 alios
433 2782 640 2844 conventibus
662 2782 724 2842 suis
743 2783 893 2844 solemnes
910 2782 976 2843 dies
997 2781 1108 2844 lrabeat
1125 2781 1188 2864 ²²).”
1224 2783 1266 2845 lle
1288 2785 1357 2846 reli·

223 2888 291 2967 quis
316 2887 426 2954 dicbus
454 2887 539 2969 lestis
567 2887 667 2947 minus
693 2886 824 2966 benigne
848 2886 954 2955 sentit,
976 2895 1007 2947 et
1040 2888 1086 2946 »si
1107 2905 1212 2947 omnes
1233 2888 1357 2969 abroga·

224 3001 369 3060 arentur,
390 2990 523 3051 libenter
542 2991 746 3070 acquiesceret
758 2990 828 3071 ²³);''
848 2990 900 3051 uhi
920 3001 1021 3051 temen
1036 2991 1185 3052 celebrari
1200 2990 1358 3072 hucusque

223 3094 376 3163 solebant,
404 3094 446 3154 ita
468 3094 595 3155 retineri
617 3104 759 3173 possunt,
781 3105 815 3154 ut
847 3095 909 3154 »sit
931 3094 1060 3154 liberum
1082 3095 1135 3161 iis,
1160 3093 1212 3174 qui
1234 3095 1357 3163 volunt,

224 3208 312 3281 »post
340 3199 516 3262 concionem
544 3197 583 3258 ad
611 3215 686 3277 opus
707 3216 739 3258 se
761 3198 899 3258 conlerre
917 3197 981 3279 ²⁴).''
1001 3232 1042 3244 -
1063 3197 1212 3267 »Quoties
1234 3217 1283 3258 res
1304 3199 1357 3260 ali·

253 3479 284 3542 ¹²)
303 3481 365 3530 Inat.
382 3479 430 3531 III.
449 3480 488 3530 20.
507 3481 547 3530 31.

253 3561 284 3624 ¹³)
301 3562 357 3628 Res.
373 3562 430 3612 Ant.
450 3563 572 3613 Collatini
587 3563 654 3613 Tem.
672 3562 743 3613 VIII.
762 3562 831 3614 333³.

253 3643 285 3706 ¹⁴)
302 3644 340 3692 De
356 3659 406 3692 acc.
423 3642 469 3709 res.
487 3645 551 3695 Eccl.
569 3643 636 3694 Tom.
653 3643 725 3694 VIII.
742 3645 795 3694 tta.

254 3725 284 3788 ¹⁶)
302 3727 372 3790 lteap.
390 3725 425 3774 ad
439 3729 530 3790 quaeat.
547 3726 707 3778 Blandretac.
724 3725 791 3778 Toni.
810 3725 880 3778 VIII.
898 3742 921 3791 p.
940 3725 1009 3776 58db.

253 3808 284 3872 ¹⁶)
301 3809 383 3860 Μία
398 3825 432 3858 au
442 3812 507 3874 prot.
524 3807 612 3874 dAnpt.
629 3809 726 3870 (nunt
744 3808 779 3860 ΙΙ.
796 3807 858 3858 Beil.
876 3810 900 3860 t.
916 3809 939 3862 S.
957 3809 998 3870 dl)
1017 3807 1047 3862 cl.
1065 3806 1128 3856 Beil.
1146 3808 1168 3858 8.
1185 3808 1209 3860 S.
1227 3809 1318 3866 ot-t.

253 3890 284 3954 Π)
302 3893 363 3942 Inat.
381 3890 430 3942 III.
447 3891 488 3942 20.
505 3891 546 3942 33.

254 3972 284 4036 ¹⁸)
304 3975 370 4040 Confi
380 3975 429 4040 fid.
446 3991 470 4028 n.
491 3975 558 4026 Eccl.
576 3974 640 4026 aad.
657 3973 725 4025 Tam.
743 3971 813 4026 vlu.
831 3987 856 4036 p.
874 3970 926 4022 98⁸.
945 3971 974 4020 ct.
992 3970 1054 4022 Iasi.
1071 3969 1123 4020 111.
1140 3969 1182 4019 IV.
1201 3971 1240 4022 11.

253 4057 285 4120 ¹⁹)
303 4058 364 4110 Im
381 4057 425 4110 IV.
436 4059 476 4110 20.
494 4058 535 4110 32.
551 4057 624 4108 elib.
636 4055 729 4107 ΝΞΟ.
751 4055 796 4116 31,
815 4055 854 4106 33.
873 4054 957 4106 Cosam
975 4053 1010 4102 cd
1019 4052 1079 4118 Epir.
1097 4051 1126 4102 V.
1141 4053 1172 4102 la
1184 4055 1309 4106 etenim
1321 4055 1357 4107 ΙΙ.

224 4139 285 4189 Beil.
304 4140 327 4188 8.
344 4139 369 4190 S.
387 4141 418 4194 67
436 4156 470 4206 sq.

252 4219 285 4281 ²⁰)
301 4221 362 4271 luat.
380 4220 416 4272 H.
432 4222 457 4274 8.
476 4221 507 4272 33
524 4222 554 4273 ei.
571 4221 607 4274 II.
625 4223 648 4272 8.
667 4222 698 4272 31
715 4223 741 4272 ct
760 4227 832 4286 ltcep.
848 4222 933 4272 contra
948 4230 1019 4270 nen.
1036 4216 1103 4271 nom.
1121 4215 1193 4268 VIII.
1210 4215 1280 4272 thb.

252 4299 286 4363 21)
302 4302 364 4355 inat.
381 4301 416 4354 Π.
434 4303 457 4354 8.
475 4303 517 4354 33.
616 4302 648 4366 ²²)
665 4304 728 4356 Inat.
747 4303 782 4354 II.
801 4304 824 4355 8.
844 4303 884 4354 34.

253 4383 284 4445 ²³)
302 4383 347 4450 Ep.
367 4384 403 4434 ad
419 4384 475 4436 ren.
497 4386 601 4454 Boreas.
623 4386 690 4438 Toni.
710 4383 768 4438 lxo.
788 4385 840 4436 63².
862 4385 893 4452 cl,
912 4385 1020 4450 Arsam
1044 4385 1193 4450 &menaea
1213 4382 1244 4448 cd
1265 4381 1289 4445 d.
1307 4382 1358 4448 XV,

223 4482 256 4517 m.
273 4465 396 4518 Decembr.
413 4481 435 4516 tt
452 4463 589 4516 MDXLIV.

254 4547 286 4610 2⁴)
304 4548 350 4614 Ep.
369 4548 434 4602 cac.
453 4548 550 4612 (nenne
567 4547 589 4602 1.
612 4547 674 4599 Beil.
692 4549 716 4602 8.
733 4550 756 4602 S.
774 4548 824 4616 tt.)
