3240 5100
840 277 880 337 90

292 481 425 562 gladium
461 490 598 561 paratum
628 489 688 540 est.
720 489 753 540 ut
783 479 1005 540 animadvertat
1031 480 1060 540 in
1096 499 1181 547 curn,
1211 482 1261 560 qui
1294 483 1432 546 moribus

292 587 455 650 dissolutus
477 596 523 645 est
545 595 576 643 et
598 585 820 663 perditissimus
842 585 948 653 homo,
970 587 1021 663 qui
1044 585 1120 646 nihil
1140 586 1272 664 denique
1295 589 1432 650 reformi-

254 755 255 762 ,
293 690 346 754 dat
374 689 454 768 quod
483 689 643 750 scelestum
683 699 729 750 est
766 708 799 750 ac
831 689 1005 752 nefandum.
1055 689 1242 769 Quamquam
1271 709 1308 750 eo
1337 693 1433 770 igitur

294 813 385 858 sensu
416 791 549 854 Ecclesia
577 812 697 856 morum
725 811 884 856 censuram
911 813 1001 874 agere
1030 804 1145 874 potest,
1181 806 1216 854 ut
1244 796 1433 858 claudestina

295 897 500 979 reprehendat
517 897 588 960 vitia
607 908 638 958 et
656 898 772 960 occulta
784 898 911 968 delicta,
923 917 999 978 quae
1011 899 1110 979 legem
1129 899 1267 980 lugiunt,
1288 901 1432 980 castiget,

295 1022 356 1069 uon
379 1013 480 1066 tamen
503 1003 568 1068 eius
590 1003 806 1066 intermedium
824 1003 970 1068 auxilium
989 1003 1167 1083 requiritur,
1190 1013 1224 1066 ut
1242 1005 1435 1084 magistratui

296 1107 459 1170 tradantur
478 1105 622 1176 malefici,
644 1107 787 1186 quoniam
806 1107 903 1168 civilis
923 1108 1093 1170 iurisdictio
1114 1127 1183 1171 suas
1204 1109 1267 1188 ipsa
1289 1108 1321 1170 iu
1342 1128 1378 1170 ea
1399 1127 1435 1170 re

297 1221 399 1293 partes
427 1229 517 1292 agere
543 1219 652 1290 potest.
694 1210 887 1272 Contrarium
916 1223 1018 1274 autem
1046 1213 1079 1272 in
1107 1213 1245 1274 doctrina
1271 1214 1366 1282 valet,
1395 1212 1435 1276 de

298 1335 357 1396 qua
379 1333 472 1395 penes
493 1315 703 1394 magistratum
725 1316 843 1378 nullum
865 1335 931 1377 esse
953 1316 1112 1378 arbitrium
1134 1318 1197 1397 ipsa
1219 1335 1269 1380 res
1289 1317 1436 1396 loquitur.

299 1419 357 1484 Ubi
382 1436 455 1499 ergo
477 1418 634 1480 doctrinae
656 1420 769 1482 veritas
791 1421 822 1482 in
844 1420 971 1482 dubium
993 1431 1168 1490 revocatur,
1197 1439 1275 1482 nova
1297 1431 1329 1482 et
1350 1421 1436 1482 inau-

299 1524 363 1586 dita
385 1523 541 1604 hucusque
574 1524 714 1604 dogmata
748 1525 957 1594 excuduntur,
991 1526 1135 1586 scelestae
1165 1526 1310 1586 audacter
1337 1525 1437 1605 prose·

300 1637 412 1692 ruutur
432 1629 619 1698 sententiae,
640 1639 779 1709 receptae
802 1629 958 1690 doctrinae
979 1630 1165 1696 contrariae,
1187 1639 1219 1689 et
1236 1630 1357 1690 divinae
1374 1649 1437 1690 ma·

301 1734 402 1797 icstati
431 1733 583 1802 infensae,
611 1767 652 1779 -—
681 1734 807 1814 prodeat
835 1734 993 1813 disciplina
1021 1731 1245 1804 Ecclesiastico,
1277 1744 1309 1795 et
1337 1733 1438 1813 rigido

301 1838 456 1907 examine,
485 1848 635 1916 quatenus
663 1838 704 1921 sit
725 1857 741 1898 a
762 1847 884 1918 recepta
906 1838 1044 1898 doctrina
1073 1837 1225 1899 aberratio
1254 1837 1437 1906 tolerabilis,

303 1959 450 2022 quaenam
486 1951 588 2004 eutem
617 1941 811 2022 infringenda
843 1942 882 2004 sit
911 1940 1046 2004 haeresis
1067 1951 1098 2003 et
1120 1942 1331 2022 exstirpanda,
1360 1941 1437 2002 diiu-

302 2047 397 2114 dicet,
423 2054 455 2106 et
483 2045 582 2124 ipsum
610 2044 799 2108 haereticum
820 2046 884 2126 igni
907 2046 1008 2106 tradat
1029 2047 1129 2126 potius
1150 2055 1182 2107 et
1204 2047 1320 2128 gladio,
1348 2063 1438 2126 qnam

302 2160 337 2212 ut
369 2149 498 2213 ulterius
529 2151 611 2212 inter
638 2150 745 2212 fideles
773 2150 982 2231 contagiosum
1010 2152 1123 2211 malum
1152 2161 1266 2231 serpat.
1312 2149 1367 2210 Vel
1395 2151 1439 2209 sie

304 2265 406 2317 tamen
427 2255 517 2334 lenge
539 2275 556 2315 a
577 2274 626 2316 mc
645 2254 724 2316 absit
742 2255 779 2316 iis
797 2255 991 2334 adstipulari,
1013 2255 1065 2334 qui
1084 2255 1165 2316 inter
1183 2253 1438 2315 Romano-Catho-

302 2361 377 2422 licos
405 2358 499 2439 ipsius
528 2357 643 2420 Calvini
668 2377 787 2420 morum
815 2358 1008 2420 honestatam
1036 2377 1134 2438 nuper
1162 2368 1224 2420 tam
1253 2359 1367 2419 nefarie
1389 2377 1439 2438 ag·

302 2463 397 2545 gressi
424 2471 495 2524 suut
507 2461 550 2543 18).
593 2460 690 2524 Homo
719 2481 789 2524 sane
819 2461 877 2524 suit
906 2461 1063 2532 Calvinus,
1091 2463 1241 2523 humanae
1263 2462 1440 2524 sallibilitati

303 2567 460 2630 obnoxius.
501 2565 573 2628 Fuit
599 2575 702 2628 tarucu
728 2585 767 2628 ex
792 2567 830 2627 iis
850 2566 1039 2636 hominibus,
1067 2567 1119 2646 qui
1140 2567 1280 2628 stabilem
1301 2585 1385 2626 stram
1407 2567 1440 2626 in

302 2674 417 2735 virtute
446 2671 689 2752 permansionem
715 2671 790 2732 adeo
819 2671 1025 2751 probaverunt
1051 2671 1205 2742 omnibus,
1233 2682 1268 2732 ut
1297 2671 1349 2750 qui
1370 2671 1437 2730 eius

302 2795 422 2839 morum
450 2775 633 2856 probitatem
654 2776 786 2856 maligne
809 2775 967 2836 calumniis
988 2776 1159 2836 detrectare
1181 2775 1322 2844 student,
1348 2793 1437 2835 suum

304 2882 361 2962 ipsi
390 2880 599 2940 characterum
627 2880 728 2959 potius
755 2880 839 2960 gravi
861 2880 977 2939 macula
999 2880 1176 2958 inquinant,
1206 2899 1295 2958 quam
1316 2887 1351 2938 ut
1372 2877 1437 2937 Cal·

304 2985 368 3046 vini
393 2985 569 3045 memoriam
595 2984 643 3044 vel
664 2984 773 3045 leviter
795 3002 917 3063 carpere
939 2983 1062 3062 possint.
1106 2981 1182 3042 Sunt
1204 2982 1339 3062 plebeiae
1361 2982 1438 3041 istae

305 3088 488 3156 calumniae,
511 3088 559 3148 vel
585 3086 798 3148 obtrectatoris
827 3087 928 3166 potius
956 3085 1091 3146 convicia
1120 3104 1158 3145 ex
1180 3085 1224 3145 ira
1247 3093 1278 3145 ct
1307 3085 1439 3165 partium

307 3193 408 3254 studio
444 3193 577 3274 prosecta
607 3193 690 3252 nulla
723 3192 801 3252 seria
834 3190 1018 3252 refutatione
1054 3191 1155 3270 digna.
1198 3189 1317 3250 Adsunt
1346 3188 1439 3268 ipsius

307 3296 421 3357 Calvini
452 3293 544 3376 spissa
568 3296 738 3364 volumina,
767 3295 877 3356 adsunt
899 3296 931 3355 in
952 3295 1057 3375 primis
1079 3295 1144 3356 eius
1166 3295 1310 3374 epistolae
1332 3291 1440 3372 gallico

307 3417 446 3462 sermone
478 3401 684 3479 conscriptae,
717 3399 827 3460 adsunt
865 3398 1036 3478 aequalium
1074 3399 1168 3478 ipsius
1205 3397 1440 3478 locupletissima

308 3504 499 3573 testimonia,
528 3504 608 3564 unde
638 3511 722 3564 certo
750 3503 863 3563 certius
890 3503 1068 3572 edocemur,
1095 3502 1247 3563 nerninem
1268 3502 1355 3561 facile
1377 3499 1441 3560 Cal·

308 3609 380 3670 vino
401 3608 498 3688 magis
520 3607 551 3669 in
574 3608 643 3670 odio
660 3607 802 3670 habuisse
820 3617 991 3686 peccatum,
1014 3607 1159 3670 virtutem
1178 3605 1330 3668 dilexisse.
1362 3601 1442 3673 Quin

309 3712 438 3774 firmiter
459 3712 550 3774 ctiam
573 3711 750 3780 statuimus,
778 3709 935 3774 Calvinum
957 3729 1018 3772 nou
1041 3719 1160 3772 tantum
1181 3710 1277 3790 ipsum
1300 3727 1335 3768 ea
1357 3705 1442 3768 nobi-

310 3817 412 3885 litate,
441 3834 531 3894 quarn
559 3815 657 3876 virtus
685 3815 774 3876 affert
802 3826 833 3875 et
859 3815 1009 3896 probitas,
1037 3816 1069 3874 in
1091 3815 1193 3894 paucis
1213 3814 1305 3873 fuisse
1327 3811 1443 3889 conspi-

311 3938 418 3989 cuum,
447 3920 500 3980 sed
530 3938 648 4000 semper
676 3919 768 3980 etiarn
794 3937 883 3980 curae
906 3920 1050 4000 cordique
1072 3918 1128 3978 sibi
1149 3917 1307 3986 hahuisse,
1336 3925 1371 3977 ut
1393 3914 1444 3974 alii

313 4043 432 4105 quoque
465 4024 610 4086 candidae
642 4042 761 4084 morum
792 4021 946 4086 honestati
975 4032 1194 4104 quanturnpole
1225 4019 1445 4083 incumberent.

312 4126 408 4206 Finge
430 4127 487 4188 tibi
508 4129 598 4188 talem
621 4127 720 4190 virum
741 4128 823 4190 iuter
841 4129 906 4188 eius
924 4127 1036 4188 saeculi
1054 4126 1245 4188 Geuevenoes
1262 4141 1446 4185 commoran-

313 4241 391 4300 tem,
412 4231 667 4311 perditissimum,
686 4240 721 4292 ut
739 4250 844 4293 omues
862 4231 1013 4301 fatentur,
1032 4239 1064 4292 et
1081 4229 1349 4311 flagitiosissimum
1367 4245 1447 4288 rnor-

346 4563 377 4630 ιβ)
397 4560 533 4624 ABclacco
550 4575 625 4630 usque
645 4561 675 4612 cd
692 4560 780 4612 Audin.
