3228 5102
739 291 778 354 85

192 497 268 558 haec
288 498 438 578 legislatio
461 499 573 558 tuetur.
624 495 728 557 Prodit
751 515 781 556 se
808 495 883 558 haec
905 496 1019 566 tutela,
1051 497 1092 556 l⁰.
1116 496 1146 557 in
1169 498 1326 558 vocatione

193 613 363 683 pastorum,
385 620 454 661 nam
481 618 574 679 »pour
595 599 681 659 e'citer
703 606 792 658 toules
813 599 954 677 douqera,
976 618 1027 678 que
1049 599 1135 670 celui,
1157 601 1244 679 qu'ou
1265 605 1327 661 veut

193 706 339 776 »receuoir
364 705 436 765 u’oit
457 704 574 784 quelque
595 702 741 764 uuucoise
761 701 894 780 opiuiou,
922 702 946 762 il
967 709 1008 762 est
1032 703 1143 782 requie,
1172 703 1242 783 qu’il
1260 721 1327 783 pro·

193 816 283 870 »teste
309 809 343 868 de
372 809 446 870 teuir
477 809 506 868 lo
531 807 659 868 doctrine
680 807 836 885 opprouuee
857 825 893 867 cu
916 805 1038 884 l'c'plise,
1067 806 1175 866 selou
1198 807 1229 866 10
1250 825 1327 868 cou-

193 919 303 973 ateuu
334 913 380 973 du
413 909 721 992 circumsecari?
763 911 807 970 2⁰.
837 909 946 970 Munus
978 928 1091 990 ponere
1122 909 1231 980 dehet,
1263 913 1327 991 qui·

192 1036 311 1097 cunque
330 1018 412 1078 inter
433 1027 570 1098 pastores
598 1032 728 1076 »deunce
749 1014 866 1096 quelque
887 1015 1029 1085 doctrine,
1058 1033 1115 1076 uou
1136 1032 1235 1075 receuc
1255 1015 1330 1076 douo

193 1120 325 1200 »l'e'qlise
337 1121 400 1204 31),”
432 1121 474 1190 3‘0,
502 1119 536 1180 ln
563 1121 674 1200 quavis*
697 1120 843 1180 concione
873 1119 1078 1200 pomeridiana
1109 1137 1169 1179 non
1192 1118 1329 1200 Euange-

191 1227 282 1296 lium,
304 1226 358 1288 sed
380 1223 566 1286 cclecdisuus
586 1223 744 1284 materiem
767 1223 888 1284 dicendi
910 1241 994 1284 sacro
1017 1225 1129 1286 oratori
1148 1223 1328 1306 praebetll).

191 1333 234 1392 4⁰.
255 1330 412 1392 Fidelibus
432 1329 620 1409 iniungitur,
641 1338 675 1389 ut
693 1327 805 1388 liberos
823 1345 894 1388 suos
912 1328 950 1388 ad
968 1327 1022 1388 has
1040 1329 1201 1390 conciones
1223 1329 1329 1390 sedulo

191 1436 331 1506 mittant,
361 1444 396 1494 ut
424 1434 592 1495 doceantur
620 1431 836 1501 catechismum,
866 1432 963 1494 donec
985 1452 1002 1492 0
1024 1434 1122 1514 capite
1151 1434 1189 1494 ad
1217 1435 1329 1494 calcem

191 1537 337 1600 memoria
380 1555 449 1596 eum
488 1544 613 1595 teneant
626 1534 670 1616 ³⁵).
714 1535 754 1594 5⁰.
787 1533 1076 1596 Excommunicatur
1108 1535 1146 1596 ab
1177 1535 1329 1598 Ecclesiae

192 1643 336 1703 societate
369 1649 400 1702 01
430 1640 561 1700 traditur
587 1639 796 1719 magistratui,
830 1650 865 1699 ut
892 1641 924 1700 in
954 1658 1024 1700 eum
1054 1641 1329 1712 animadvertatur,
1392 1666 1394 1670 ¹

192 1745 367 1827 »quicouque
388 1743 545 1823 dcqmalise
566 1749 662 1803 corttre
685 1743 714 1803 lo
734 1743 864 1804 doctrice
883 1743 1062 1824 receueil).’'

232 1850 313 1912 Haec
335 1850 398 1910 sere
420 1858 507 1917 sunt,
529 1867 606 1928 quae
629 1849 739 1928 raptim
760 1867 777 1908 e
799 1848 903 1908 libello
926 1847 1167 1910 »Ordonnanees
1189 1847 1268 1910 Ecol.
1290 1850 1328 1911 de

191 1954 286 2015 Gen.''
309 1953 498 2033 excerpenda
521 1953 637 2032 potius,
660 1971 750 2032 quam
769 1953 947 2013 continuato
966 1954 1047 2034 stylo
1062 1954 1229 2034 digerenda
1247 1954 1329 2015 vide·

190 2059 317 2128 bantur,
347 2066 381 2117 ut
409 2056 517 2116 melius
546 2056 723 2135 compendio
753 2059 973 2118 consuleretur.
1032 2056 1145 2126 Quodsi
1173 2059 1231 2118 rite
1261 2059 1329 2138 quis
1411 2092 1420 2103 ι

189 2163 267 2224 hanc
295 2161 518 2242 legislationem
547 2161 702 2229 aestimet,
732 2160 831 2239 deque
853 2161 969 2222 Caluini
999 2163 1031 2221 in
1053 2181 1088 2222 00
1110 2161 1235 2222 serenda
1258 2179 1327 2222 con·

190 2268 256 2328 silio
278 2285 373 2346 aeque
392 2265 526 2326 iudicare
545 2265 633 2333 velit,
656 2265 758 2326 nullus
777 2264 900 2335 dubito,
922 2266 996 2345 quin
1015 2265 1148 2326 libenter
1165 2265 1241 2326 mihi
1259 2283 1328 2326 con·

190 2372 286 2441 cedat,
314 2379 397 2430 reete
426 2370 499 2430 satis
528 2369 642 2429 Caluini
670 2379 805 2429 mentem
832 2371 1020 2450 perspexisse
1048 2368 1245 2439 Bandrillart,
1275 2369 1327 2430 ubi

189 2477 277 2536 dicit:
311 2473 507 2534 »Substituar
529 2473 765 2534 dl'orthodoxie
788 2473 966 2554 Catholique
985 2494 1045 2535 une
1065 2474 1244 2536 orthodoxia
1260 2493 1326 2554 pro·

188 2589 358 2649 »testante
380 2588 412 2640 et
433 2580 535 2658 placer
556 2578 672 2639 celle-ci
694 2597 764 2639 sous
785 2580 813 2638 la
831 2579 1003 2659 protectior
1021 2579 1122 2640 arme'e
1141 2579 1182 2640 du
1200 2580 1327 2659 pouvoir

190 2685 297 2754 101011,
326 2684 368 2744 tel
397 2683 472 2744 etait
500 2684 528 2743 le
557 2683 628 2763 plan
656 2682 695 2744 de
724 2682 828 2744 Calvin
839 2683 904 2765 81).”
947 2682 1015 2743 »En
1037 2702 1080 2743 un
1101 2683 1202 2752 mot,''
1226 2691 1261 2743 ut
1283 2683 1325 2744 ait

190 2789 314 2858 Guizot,
343 2787 469 2848 ae’e'tait
498 2788 526 2848 la
556 2806 683 2848 censure
713 2788 810 2849 active
839 2787 877 2848 de
898 2789 927 2847 la
948 2787 1009 2857 foi,
1039 2787 1077 2848 de
1098 2788 1127 2846 la
1148 2788 1197 2847 vie
1219 2795 1250 2846 et
1272 2787 1326 2848 des

189 2912 332 2956 »moeurs
353 2892 486 2974 privees,
511 2893 637 2952 exerceo
659 2911 713 2972 par
735 2911 776 2951 un
799 2891 949 2962 tribunal,
971 2891 1011 2952 dir
1033 2891 1200 2972 siegeaient
1221 2891 1323 2951 neces·

189 3000 375 3060 asaircment
396 2998 441 3057 les
461 2997 616 3057 ministres
637 2997 675 3057 de
696 2998 725 3058 10
747 2997 877 3076 religion
889 2996 965 3077 31).”.

216 3241 248 3304 ³²)
268 3240 305 3290 Ib.
322 3255 346 3304 p.
364 3240 387 3288 5.
406 3237 437 3300 (l.
455 3235 478 3286 S.
497 3235 584 3299 3120).
718 3235 750 3298 ³³)
769 3235 804 3284 Ib.
822 3251 846 3300 p.
865 3234 905 3285 13.
924 3234 954 3297 (I.
971 3234 994 3286 S.
1014 3235 1100 3296 3140).

216 3324 248 3387 ³⁴)
266 3323 304 3373 Ib.
321 3337 345 3386 p.
364 3320 403 3373 17.
423 3320 452 3383 (I.
471 3319 494 3368 S.
513 3317 599 3380 3150).
715 3317 746 3380 ³⁵)
765 3317 801 3368 lb.
819 3333 842 3382 p.
862 3318 900 3368 52.
921 3317 950 3379 (Ι.
969 3317 991 3368 S.
1011 3317 1098 3378 3510).

218 3406 248 3469 ³⁶)
268 3404 305 3455 Ib.
322 3422 347 3470 p.
366 3405 405 3456 53.
428 3403 458 3465 (Ι.
477 3401 565 3463 3511).)
600 3399 636 3450 110
660 3399 809 3466 synodorum
834 3399 989 3451 institutione
1011 3397 1075 3447 nihil
1099 3397 1251 3464 praeciditur.
1286 3400 1323 3450 01.

188 3504 239 3553 cap.
319 3489 330 3548 §
409 3489 434 3535 01
450 3485 479 3534 de
500 3486 551 3533 loto
571 3483 616 3532 hoc
632 3485 709 3548 capite
728 3489 852 3536 morrena.
872 3483 922 3533 o.l.
940 3499 963 3549 p.
981 3483 1088 3532 42—46.
1107 3493 1215 3531 conosi.
1232 3497 1253 3532 o.
1266 3481 1283 3530 l.
1302 3481 1323 3530 I.

188 3571 330 3623 308-311.
349 3571 402 3622 Cui.
424 3571 510 3619 Genea.
528 3567 595 3617 Cale.
615 3568 660 3632 Op.
678 3568 744 3617 Tom.
762 3568 832 3620 VIII.
851 3567 959 3617 11-28.
976 3567 1001 3615 01
1017 3566 1109 3630 Iniurq.
1130 3565 1187 3614 Gen.
1207 3562 1239 3612 ib.
1257 3564 1323 3615 Tom.

187 3653 257 3704 VIII.
275 3653 382 3708 28-37.

218 3735 249 3801 ³⁷)
268 3749 453 3787 euunnrmrur.
470 3735 550 3786 Bodiu
568 3737 592 3784 ei
607 3749 649 3784 ceu
667 3737 748 3799 tempe.
766 3734 834 3784 Paris
852 3735 925 3785 1853.
941 3749 965 3798 p.
984 3733 1023 3781 35.
1046 3731 1083 3784 Cf.
1103 3730 1144 3780 Dr.
1164 3743 1184 3779 0.
1197 3743 1218 3777 0.
1230 3739 1324 3776 neuun·

191 3832 271 3870 sounr.
289 3819 402 3872 11001001.
420 3817 609 3869 Stuulcudcierd.
626 3816 718 3879 Slnllg.
735 3832 759 3868 u.
777 3817 833 3882 Lpz.
851 3817 925 3870 1857.
943 3815 1011 3866 Ηο11.
1029 3815 1079 3866 XV.
1097 3814 1121 3866 S.
1136 3812 1192 3863 322.
1210 3812 1236 3862 in
1254 3826 1323 3861 voce:

190 3903 212 3950 C
255 3903 283 3952 ’.

210 3903 366 4046 agnionae.
388 3981 472 4034 Muee'e
493 3983 535 4032 dee
550 3983 700 4048 prolectante
722 3979 831 4031 ce‘iibrea.
857 3981 923 4030 Tom.
946 3979 980 4028 II.
1003 3979 1059 4029 iare.
1081 3976 1117 4026 ΙΙ.
1142 3977 1207 4026 Jeau
1230 3975 1320 4026 Calvia.

189 4083 212 4132 p.
232 4068 271 4118 83.
288 4065 386 4116 Trenlel
404 4070 429 4116 et
439 4065 531 4115 Wiirtz.
549 4065 625 4116 Paris.
643 4064 754 4113 Formam
766 4062 928 4113 Ecclesiastiei
942 4061 1048 4122 minist„
1065 4073 1136 4125 quam
1153 4056 1323 4123 descripsimus

190 4148 296 4198 nondum
318 4149 347 4196 ab
370 4148 436 4196 omni
456 4151 524 4213 parte
547 4147 647 4197 Calvino
671 4146 801 4211 placuisse,
822 4146 880 4195 haee
900 4145 952 4194 eins
969 4144 1052 4204 verba,
1075 4143 1101 4191 in
1121 4143 1166 4206 Ep.
1186 4139 1216 4188 ad
1238 4139 1320 4204 Myro·

190 4231 260 4280 nium
283 4231 348 4290 daia,
372 4230 468 4280 docent:
500 4231 591 4290 „Nunc
613 4228 727 4278 habemus
752 4227 912 4294 qualecunque
937 4226 1129 4293 presbyterorum
1155 4209 1272 4272 iudicium
1298 4225 1323 4271 01

192 4316 310 4372 ..formam
330 4313 482 4378 disciplinae,
500 4311 593 4379 qualem
610 4311 700 4382 1010101
716 4315 850 4376 temporum
867 4307 1018 4360 infirmitas.''
1045 4309 1088 4373 Ep.
1108 4307 1174 4357 Calc.
1191 4306 1237 4370 Op.
1255 4315 1322 4366 Tom,

189 4397 246 4450 be.
264 4396 317 4452 cib.
335 4395 434 4462 (11110.
453 4395 483 4450 75
502 4397 526 4444 ei
544 4395 591 4444 263
610 4394 647 4450 ed.
663 4394 783 4444 Lausann.
