3228 5102
825 298 864 360 26

278 501 404 564 totidem
428 501 509 562 cuim
531 500 631 564 verbis
652 502 715 581 ipae
737 501 878 564 Calvinus
896 508 1040 562 testatur:
1070 497 1417 562 »remeatremeat

279 605 409 684 soteifieo
433 604 540 668 Christi
561 606 693 667 doetrioo
713 605 762 688 ψ’
806 605 888 675 Quae
911 605 1018 674 verba,
1041 625 1130 686 quam
1156 605 1278 686 egregie
1300 604 1416 666 Caluini

279 709 318 768 do
341 709 471 772 Ecclesia
493 720 626 772 mentem
648 710 813 789 explicent,
834 709 944 771 melius
966 710 1058 770 etiam
1079 710 1275 788 intelligitur,
1304 708 1416 770 ubido

281 811 334 874 lta
361 813 392 872 in
424 813 551 876 Ecclesia
578 813 737 876 condenda
765 813 890 875 consitio
915 813 947 873 in
969 812 1051 874 hunc
1072 814 1197 876 modum
1217 814 1417 898 disserentem

281 933 351 978 eum
379 915 533 980 audimus:
566 917 659 996 »quia
688 917 805 978 ruditas
834 927 937 978 nostra
967 927 998 976 et
1024 917 1185 997 segnities,
1213 915 1304 997 (addo
1325 915 1417 978 etiam

282 1019 419 1098 ‚ingenii
443 1021 626 1103 vastitatem)
647 1021 782 1084 externis
804 1020 948 1082 subsidiis
968 1021 1122 1100 indigeat,
1151 1021 1264 1100 quibus
1290 1019 1365 1082 fides
1385 1019 1418 1080 iu

283 1123 393 1184 »nohis
413 1133 445 1182 et
467 1125 611 1204 gignatur
631 1135 663 1186 et
685 1135 846 1203 augescat.
866 1135 897 1186 et
919 1143 989 1186 suos
1011 1124 1100 1188 saciat
1122 1143 1300 1204 progressos
1321 1141 1417 1202 usque

283 1226 343 1286 »ad
371 1237 500 1296 metam,
528 1247 564 1290 ea
593 1246 713 1307 quoque
743 1227 822 1290 Deus
851 1228 984 1296 addidit,
1013 1246 1074 1307 quo
1101 1228 1274 1290 infirmitati
1296 1237 1418 1290 austrae

284 1331 494 1394 »consulerem
529 1340 620 1409 atque
655 1338 687 1394 ut
718 1331 823 1409 ciperet
856 1329 1014 1408 Eooopetii
1042 1331 1221 1410 praedicatio
1254 1331 1420 1394 tteesooeam

283 1434 383 1496 »hoec
401 1434 479 1514 oped
503 1433 662 1498 Ecclesiam
682 1435 829 1515 deposcit.-
848 1442 980 1514 pactores
996 1435 1122 1496 ioetitait
1139 1453 1173 1496 ae
1190 1435 1332 1503 doctores,
1354 1452 1418 1513 quo·

284 1557 371 1602 »rem
390 1557 439 1600 arc
459 1557 525 1598 eoos
546 1538 674 1600 doceret:
706 1557 758 1602 eos
786 1538 972 1600 authoritate
995 1539 1155 1600 iustruxit:
1183 1537 1260 1600 nihil
1288 1537 1418 1616 denique

284 1643 422 1710 iomisit,
451 1642 532 1721 quod
561 1642 598 1704 ad
624 1651 762 1704 sanctum
784 1642 857 1704 fidei
878 1660 1117 1704 consensum...
1139 1642 1252 1704 faceret
1271 1640 1323 1721 Ψ
1367 1639 1418 1708 Et,

284 1747 369 1824 quasi
398 1747 534 1810 uondum
563 1747 720 1826 perspicua
749 1747 822 1809 satis
848 1746 926 1808 haee
946 1756 1048 1808 essent
1078 1745 1115 1808 ab
1144 1765 1180 1808 eu
1208 1745 1361 1825 exposita,
1389 1751 1420 1804 et

284 1849 378 1914 dubio
399 1850 498 1914 locum
520 1851 743 1930 relinquerent,
765 1852 797 1910 in
815 1851 922 1912 vicinis
944 1851 1078 1930 apertius
1096 1849 1188 1912 etiam
1206 1849 1334 1912 eandem
1355 1865 1420 1908 sen·

284 1954 410 2018 tentiam
434 1956 571 2016 elocutus
593 1965 639 2016 est
660 1954 709 2016 his
731 1955 846 2016 verbis:
879 1955 1055 2024 avidamus,
1076 1963 1111 2016 ut
1129 1953 1227 2022 Deus,
1246 1955 1299 2032 qui
1320 1960 1421 2032 posset

185 2058 188 2063 ’
285 2067 462 2118 »momento
482 2077 553 2120 suos
573 2058 732 2138 perficere,
753 2059 830 2118 nolit
852 2067 955 2119 tamen
978 2077 1030 2119 eos
1054 2058 1228 2118 adolescere
1249 2057 1281 2118 in
1303 2057 1421 2118 virilem

285 2171 455 2231 metatam,
477 2163 535 2223 nisi
557 2163 737 2224 educatione
760 2161 920 2224 Eeclesiae.
963 2161 1108 2243 Videmus
1133 2161 1257 2222 modum
1279 2160 1421 2240 exprimi:

285 2266 378 2343 »quia
407 2267 578 2345 pastoribus
610 2267 748 2328 iniuncta
778 2276 825 2326 est
858 2266 1007 2328 Caelestis
1040 2267 1196 2328 doctrinae
1228 2263 1421 2345 praedicatio.

261 2367 444 2430 'aVidemoc
472 2388 567 2431 omnes
595 2371 634 2429 ed
658 2389 747 2431 uocum
768 2371 831 2449 aopi
850 2371 882 2431 ia
903 2371 1023 2431 eundem
1044 2370 1189 2438 ordimem,
1217 2376 1249 2429 ut
1277 2373 1423 2430 mausueta

285 2478 333 2532 »ct
353 2471 440 2532 docili
461 2472 566 2551 spirito
587 2474 725 2552 repertdos
746 2493 775 2534 se
796 2475 958 2546 doctoribus
979 2475 1011 2534 ia
1034 2474 1110 2534 kere
1130 2491 1215 2534 ceam
1235 2472 1339 2532 occatio
1357 2489 1422 2550 per·

285 2577 422 2636 »mittant
440 2575 488 2656 ³).''
532 2574 637 2655 Neque
659 2597 724 2638 esse
745 2577 821 2638 haec
843 2579 934 2638 verba
961 2579 998 2638 de
1021 2577 1215 2638 institutione
1236 2575 1420 2636 catechetica

284 2680 499 2759 intelligenda,
528 2681 581 2741 sed
610 2682 649 2741 de
678 2683 819 2742 universa
841 2681 1067 2743 Ecclesiastieae
1089 2681 1242 2742 societatis
1263 2679 1420 2759 participa·

285 2782 382 2851 tiore,
410 2783 448 2844 de
470 2785 551 2844 ornui
573 2794 676 2845 nostra
697 2786 729 2846 iu
751 2785 884 2846 Ecclesia
907 2785 959 2847 uei
986 2785 1230 2854 couversatione,
1260 2793 1346 2844 extra
1367 2783 1421 2844 du·

286 2885 465 2948 bitatiouem
487 2887 563 2948 haec
584 2889 650 2948 eius
672 2890 764 2950 verba
786 2899 917 2969 ponuat:
950 2888 1038 2950 »Nou
1067 2889 1182 2968 patitur
1210 2899 1312 2947 nostra
1329 2885 1422 2974 'infir-

286 2989 398 3048 »mitas
421 3006 440 3048 o
462 2991 540 3050 scoto
561 3010 613 3050 eos
633 2991 755 3061 dimitti,
784 2993 872 3052 donce
897 3000 952 3053 toto
973 2993 1047 3053 vitoe
1068 3011 1155 3053 cursu
1175 2991 1311 3070 discipuli
1331 2990 1421 3068 socri·

287 3111 372 3152 amus
390 3091 439 3174 ⁴).”
482 3092 537 3154 Hic
559 3096 640 3156 enim
673 3096 852 3157 »doetrinae
874 3115 946 3158 usus
968 3105 1029 3164 est,
1051 3115 1112 3158 non
1135 3105 1253 3156 tantum
1275 3104 1309 3154 ut
1331 3094 1422 3155 rudes

183 3237 186 3242 ,
288 3196 412 3256 »initiet
420 3242 505 3264 .....
528 3197 580 3258 sed
603 3207 652 3267 ut,
675 3199 726 3277 qui
746 3200 805 3258 iam
828 3199 939 3259 eruditi
958 3207 1044 3267 suut,
1065 3198 1161 3277 magis
1183 3216 1217 3256 ac
1238 3197 1333 3276 magis
1354 3214 1422 3256 con·

288 3299 420 3362 »firmae
463 3299 535 3362 Ideo
564 3320 618 3362 uos
647 3303 767 3363 assidue
796 3301 972 3362 incumbere
1002 3311 1122 3381 oportet
1153 3302 1184 3360 in
1217 3300 1354 3360 studium
1380 3297 1423 3358 di-

289 3404 431 3472 ascendi,
452 3414 487 3464 ut
509 3405 585 3466 fides
606 3415 710 3465 nostra
732 3415 798 3465 toto
816 3405 896 3466 vitae
918 3424 1009 3466 eursu
1031 3413 1172 3485 augescat
1187 3403 1241 3482 ¹).''
1275 3401 1341 3462 »On
1361 3401 1424 3462 veit

289 3506 378 3586 adaja
401 3527 454 3586 par
476 3507 535 3576 la,'’
564 3518 598 3569 ut
626 3518 711 3570 reete
735 3491 853 3568 monuit
882 3508 1040 3577 Gorbiere,
1074 3507 1235 3568 »cambiero
1259 3507 1350 3566 l’idee
1372 3504 1423 3566 Ca·

289 3609 449 3690 »thelique
471 3610 509 3670 de
531 3609 650 3691 l'Eglise
673 3612 753 3671 avait
771 3629 884 3671 encore·
903 3611 941 3671 de
963 3612 1042 3690 prisc
1062 3630 1113 3671 sur
1131 3609 1251 3678 Calvio,
1272 3618 1424 3672 comment

290 3714 370 3774 aelle
391 3713 435 3772 lui
457 3714 651 3793 apparaissait
673 3715 744 3775 bien
767 3716 834 3795 plus
856 3733 971 3775 comme
1000 3717 1084 3775 canal
1110 3715 1148 3774 de
1177 3716 1281 3794 grace,
1310 3731 1423 3773 comme

290 3817 446 3877 »medium
475 3817 607 3897 gratiae,
637 3803 751 3878 comme
773 3820 856 3880 mere
878 3820 932 3880 des
953 3819 1073 3887 fideles,
1102 3836 1216 3878 comme
1239 3818 1338 3886 ceole,
1366 3834 1425 3896 que

322 4061 341 4122 1)
360 4061 476 4111 Inatlv.
490 4060 529 4112 12.
543 4061 607 4112 Les.
628 4062 712 4128 Precs.
728 4063 755 4111 in
773 4063 859 4112 comm.
877 4062 1078 4114 coloratam.
1096 4059 1152 4110 vlt.
1170 4077 1193 4126 p.
1211 4061 1239 4122 1,
1258 4061 1280 4112 2.
1298 4060 1327 4111 cf.
1345 4061 1426 4112 ΡΜ.

291 4141 317 4190 in
334 4143 418 4192 lerem.
435 4142 502 4196 rom.
520 4143 563 4194 IV.
580 4158 604 4207 p.
622 4145 680 4196 415.

321 4223 340 4284 ²)
358 4225 420 4275 unae.
438 4223 480 4272 m.
499 4225 521 4273 1.
540 4225 563 4274 1.
582 4224 612 4272 ae.
629 4225 710 4277 eruet.
723 4225 749 4274 a
765 4226 851 4276 meae.
864 4225 922 4277 vu.
941 4226 980 4277 ac.
998 4225 1065 4276 rom.
1082 4224 1139 4277 Ivb.
1157 4241 1181 4291 p.
1193 4224 1246 4276 aaa.
1264 4228 1289 4275 e
1304 4223 1340 4274 11.
1358 4223 1384 4284 s,
1403 4223 1426 4272 e.
1522 4211 1525 4216 ⁴

291 4306 324 4356 ib.
342 4323 365 4372 p.
385 4309 424 4358 21.
442 4309 467 4356 et
486 4307 571 4359 domm.
586 4309 613 4358 io
629 4308 674 4373 Ep.
692 4309 727 4358 ad
741 4308 815 4358 Hebr.
833 4308 882 4361 111.
901 4309 923 4359 2.
942 4308 1009 4357 Tom.
1026 4307 1085 4360 VIL
1101 4324 1126 4374 p.
1144 4308 1204 4358 5118α
1220 4310 1245 4358 et
1262 4323 1282 4358 e.
1299 4305 1369 4356 VIII.
1387 4305 1427 4356 11.

293 4388 326 4440 11).
343 4404 367 4454 p.
386 4391 425 4440 55.

334 4473 355 4535 ³)
374 4473 436 4526 test.
451 4471 495 4524 IV.
513 4473 536 4523 1.
555 4473 580 4526 5.
680 4471 699 4536 ⁴)
718 4471 756 4526 le.

335 4555 355 4622 ⁵)
376 4549 459 4611 Oetam.
475 4555 502 4608 in
520 4555 533 4604 l
552 4557 587 4610 10.
605 4553 634 4605 V.
652 4553 692 4607 18.
711 4553 777 4608 rom.
794 4549 865 4605 VIIb.
883 4567 906 4619 p.
925 4549 977 4606 77⁸.
