3228 5102
746 293 785 354 39

202 495 301 555 »adeo
320 495 353 555 in
370 514 482 575 genere
501 513 563 554 cam
581 513 740 576 respuere,
759 496 902 576 quicquid
920 496 1033 576 absque
1051 495 1238 560 authoritate
1248 497 1335 560 verbi

202 598 278 659 »Dei
300 600 506 660 introductum
528 598 622 680 sit²⁰).

304 806 331 866 b.
355 805 440 866 Verbi
460 805 551 866 atomi
571 805 769 866 miolateriam.

244 909 423 970 Primarium
455 910 486 970 in
516 908 648 970 Ecclesia
676 909 823 970 ministris
844 907 902 970 boc
922 909 1099 970 mandatum
1120 917 1167 969 est
1188 908 1336 980 officium,

203 1023 238 1074 ut
259 1014 385 1074 verbum
407 1015 542 1074 divinum
565 1013 677 1093 populo
698 1013 898 1082 annuntient,
942 1023 998 1074 aut
1016 1015 1097 1074 enim
1115 1013 1233 1094 vigeret
1252 1032 1336 1094 prae·

203 1118 330 1186 dicatio,
342 1162 349 1177 .
362 1164 388 1178 ..
410 1124 546 1198 pastores
568 1118 701 1177 instituit
723 1115 802 1178 Deus
820 1137 854 1177 ec
873 1117 1025 1187 doctores,
1043 1135 1173 1197 qnorum
1193 1135 1246 1178 ore
1265 1135 1336 1178 saos

204 1221 327 1281 doceret
339 1220 402 1302 ²¹).''
445 1219 593 1281 Solemnis
615 1221 665 1280 illa
688 1221 872 1300 praedicatio
892 1221 992 1282 locum
1011 1221 1123 1282 babere
1165 1239 1336 1301 »nusquam

205 1334 344 1404 »potest,
372 1325 445 1403 quin
475 1325 638 1384 fructificet
661 1335 692 1384 et
714 1323 767 1384 Dei
790 1324 1003 1386 benedictione
1024 1333 1228 1405 prosperetur.
1270 1323 1337 1385 Non

206 1427 330 1496 »dieoss’
349 1429 390 1487 ite
410 1429 509 1507 pergit
527 1439 646 1496 noster,
690 1427 895 1508 »ubicumque
907 1429 1253 1508 praedicaturverbum,
1274 1428 1337 1489 illie

205 1531 359 1590 »fructum
392 1549 463 1591 mox
493 1531 620 1599 exoriri,
650 1531 704 1590 sed
725 1531 833 1590 nullibi
860 1533 952 1611 recipi
975 1541 1007 1592 et
1029 1541 1136 1592 statam
1159 1531 1272 1592 babere
1294 1549 1338 1592 se·

206 1635 314 1701 adem,
336 1635 394 1694 nisi
415 1645 448 1694 ut
469 1653 554 1694 suam
572 1634 734 1696 efficaciam
754 1635 961 1716 proserat22).”
1004 1635 1130 1714 Propter
1148 1653 1237 1714 quem
1255 1653 1340 1715 egre·

206 1739 285 1818 giem
304 1739 491 1798 utililitatem
510 1737 656 1798 dlvinitus
674 1739 869 1818 praedicandi
880 1757 991 1798 munus
1003 1736 1154 1798 Ecclesiae
1168 1738 1339 1798 iniunctum

206 1851 262 1901 est.
287 1841 471 1928 moninus
504 1861 558 1911 se,
591 1861 683 1921 quum
715 1843 865 1922 apostolos
892 1843 1046 1912 mitteret,
1074 1841 1250 1902 mandatum
1279 1841 1339 1902 illis

207 1945 314 2005 adedit
346 1946 384 2006 de
416 1947 617 2026 praedicando
648 1945 824 2026 Euangelio.
877 1945 923 2006 En
952 1957 1102 2014 sanctam,
1134 1944 1341 2005 inviolabilem

207 2060 466 2129 »perpetuamque
494 2051 593 2130 legem
622 2051 791 2130 impositum
814 2051 867 2119 iis,
888 2049 940 2129 qui
962 2051 995 2110 in
1016 2050 1220 2130 apostolorum
1242 2050 1341 2110 locum

207 2154 411 2222 »succedunt
451 2173 508 2234 qua
542 2154 716 2214 mandatum
753 2154 905 2232 accipiunt
934 2153 972 2214 de
1001 2151 1160 2234 Euangelii
1189 2152 1341 2233 praedice-

204 2257 318 2316 ntione.
360 2256 405 2317 Ex
433 2257 481 2318 bis
507 2267 539 2318 et
560 2259 709 2318 similibus
731 2258 874 2337 colligere
896 2257 968 2318 licet
990 2258 1022 2318 iu
1045 2267 1199 2338 pastorum
1221 2273 1341 2336 quoque

204 2359 382 2420 »iunctione
407 2361 485 2421 hane
506 2381 571 2422 esse
594 2363 784 2442 praecipuum
806 2371 932 2440 partem,
959 2360 1160 2440 Euangelium
1182 2359 1342 2420 annuntia·

205 2481 260 2523 »rc
273 2463 321 2545 ’Ὗ
350 2463 395 2523 En
419 2483 564 2524 summam
584 2474 781 2544 potestatem,
803 2483 862 2545 qua
881 2463 1032 2529 Ecclesiae
1047 2473 1199 2544 pastores,
1211 2481 1344 2545 quoeun-

205 2584 287 2645 »que
310 2567 432 2628 demum
455 2570 577 2628 nomine
599 2579 762 2637 vocentur,
788 2568 942 2648 praeditos
965 2585 1031 2629 esse
1053 2569 1212 2630 convenite
1233 2582 1343 2650 nempe

206 2680 263 2730 »ut
284 2671 379 2732 verbo
401 2671 454 2732 Dei
476 2672 665 2734 confidentes
684 2673 783 2732 omnia
803 2671 951 2732 audeant:
969 2673 1035 2732 eius
1052 2673 1204 2732 maiestati
1223 2687 1343 2734 omnem

206 2772 334 2832 »mundi
357 2773 517 2842 virtutem,
540 2775 682 2854 gloriam,
705 2775 883 2853 sapientiem
904 2775 1013 2835 cedere
1035 2784 1127 2854 atque
1150 2774 1273 2836 obedire
1295 2793 1344 2837 oa·

207 2885 312 2955 »gant
354 2874 428 2936 Eius
449 2879 585 2957 potentia
607 2878 677 2937 sulti
700 2877 840 2937 omnibus
862 2897 879 2937 a
902 2895 1019 2938 summo
1041 2897 1137 2958 usque
1159 2877 1197 2938 ad
1218 2877 1344 2938 novissi·

206 2997 312 3038 »mum
335 2975 558 3059 imperent,...
581 2981 694 3042 dociles
715 2982 891 3041 instituant:
921 2981 1050 3042 rebelles
1071 2990 1217 3062 arguant,
1245 2983 1342 3042 incre·

209 3093 316 3163 spent:
339 3085 436 3163 ligent
458 3103 492 3144 ae
510 3085 641 3146 solvent:
665 3085 822 3165 fulgurent
841 3085 989 3165 denique,
1012 3086 1036 3145 si
1056 3103 1131 3165 opus
1149 3093 1212 3154 est,
1234 3104 1268 3144 ao
1286 3084 1343 3144 lul-

209 3188 361 3247 »minentz
391 3187 444 3247 sed
470 3187 570 3247 omnia
598 3189 629 3248 in
659 3188 752 3248 verbo
780 3187 910 3269 Dei²*).”
952 3186 1052 3247 Debiti
1082 3187 1163 3248 anim
1192 3185 1343 3266 officiique

208 3304 314 3350 eorum
342 3300 389 3350 cst
418 3309 545 3351 »omnes
574 3290 724 3352 humanae
753 3291 865 3351 mentis
887 3291 1095 3359 inventiones,
1124 3303 1344 3370 aquocunque

211 3393 356 3453 »tandem
386 3395 484 3474 capite
513 3395 664 3474 proiectae
694 3396 770 3464 sint,
799 3411 917 3464 arcere,
945 3402 979 3453 ut
1001 3411 1095 3473 purus
1117 3391 1169 3453 llei
1191 3409 1291 3452 sermo
1312 3393 1344 3452 in

212 3496 370 3558 »fidelium
394 3495 527 3558 Ecclesia
546 3499 692 3560 doceatur
709 3508 740 3559 et
758 3499 901 3559 discatur.
944 3481 1084 3558 Omnium
1101 3495 1273 3565 homiuum,
1296 3514 1346 3556 cu·

213 3601 403 3680 »iuseunque
424 3601 486 3660 sint
508 3601 638 3672 ordinis,
667 3603 775 3682 placita
797 3603 845 3663 vel
867 3601 968 3682 potius
989 3597 1134 3679 figmenta
1156 3599 1281 3670 tollere,
1309 3607 1344 3661 ut

205 3817 499 3826 —-——-—-..

242 3961 273 4026 20)
293 3964 362 4028 Coos.
378 3963 427 4028 fid.
451 3965 484 4013 br.
498 3965 575 4029 form.
598 3965 665 4014 Tora.
683 3965 755 4014 VIII.
776 3963 830 4014 91b.
850 3965 880 4016 cl.
900 3963 994 4014 Μίνω
1010 3964 1040 4014 de
1058 3963 1156 4024 Oaloin,
1180 3963 1217 4012 erl.
1234 3973 1345 4014 noma.

212 4044 247 4095 II.
269 4061 292 4110 p.
312 4045 359 4093 155
383 4048 408 4093 et
430 4059 454 4094 a,
472 4059 542 4094 econ
564 4047 594 4096 de
615 4046 681 4111 dapl.
701 4048 792 4112 prino,
815 4045 878 4096 uam
900 4045 926 4095 io
946 4043 1009 4096 Eecl.
1032 4041 1181 4096 ementiendo
1201 4043 1311 4096 coierint.
1327 4063 1348 4100 e.

214 4125 279 4174 XVIi
297 4127 392 4192 reform
411 4127 483 4175 Gran.
502 4127 575 4176 1839.
593 4143 618 4192 p.
636 4128 778 4178 100—105.

244 4207 275 4268 ²¹)
294 4209 356 4256 Icari.
374 4207 408 4255 IV
427 4209 449 4257 1.
469 4209 490 4258 l.
592 4209 623 4270 22)
641 4209 702 4260 Inat.
721 4208 763 4260 IV.
781 4211 805 4258 I.
823 4209 863 4260 10.

243 4289 275 4351 ²²)
293 4289 354 4338 Inar.
365 4289 407 4339 IV.
417 4291 440 4340 3.
450 4291 473 4339 6.
482 4290 511 4339 cf.
520 4290 553 4340 ib.
564 4291 606 4342 IV.
619 4291 642 4342 3.
653 4292 676 4351 3,
686 4291 728 4340 IV.
739 4292 761 4342 8.
772 4291 804 4340 12
815 4293 841 4340 et
853 4290 945 4342 IV.15.
957 4289 996 4343 22.
1009 4293 1062 4344 aar.
1075 4292 1132 4342 Gen.
1141 4289 1207 4342 Tem.
1215 4291 1285 4342 VIII.
1295 4291 1347 4344 22¹.

217 4372 247 4421 de
266 4371 392 4421 Scandola'e
408 4371 475 4423 Tom.
492 4372 565 4422 VIII.
581 4387 605 4438 p.
624 4375 675 4424 89³.
692 4374 749 4426 Aoi.
764 4373 792 4424 a‘a
808 4377 854 4423 art.
875 4375 943 4426 Ocno.
962 4373 1027 4426 bid.
1045 4375 1109 4426 Scae.
1125 4371 1182 4425 VII.
1199 4373 1266 4425 Tom.
1278 4373 1349 4426 VIII.

216 4450 287 4506 2571).
307 4453 391 4504 Coram.
409 4453 474 4502 adl
495 4455 534 4504 Co.
552 4453 595 4505 IV.
614 4456 637 4505 l.
654 4458 678 4505 et
696 4455 732 4506 ad
747 4457 812 4523 Epi.
831 4455 874 4506 IV.
892 4458 935 4514 11,

247 4532 279 4596 ²⁴)
297 4534 359 4584 Inet.
378 4527 420 4586 IV.
438 4534 461 4584 8.
479 4534 502 4584 9.
