3228 5102
776 265 813 327 ol

231 462 415 525 »Ecclesiam
438 484 522 524 suam
544 465 708 545 gubernari
730 467 826 525 voluit
848 464 954 524 lleus.”
986 463 1140 524 »Tametsi
1162 465 1244 524 enim
1265 466 1362 526 solum

231 567 351 646 »ipsum
379 586 486 646 regere
516 587 549 627 ac
578 587 706 646 regnare
733 568 765 627 in
795 565 943 636 Ecclesia,
972 567 1004 626 in
1025 586 1060 627 ea
1083 585 1201 646 quoque
1225 587 1361 648 pracesse

231 671 300 730 »vel
327 671 460 732 emIncre
487 681 518 732 et
546 673 706 752 imperium
735 671 792 731 hoe
819 671 882 732 solo
911 671 976 732 cius
998 670 1091 732 verbo
1113 671 1247 731 exerceri
1269 681 1361 751 atque

230 775 457 836 »administrari
486 786 620 856 oportet:
650 776 720 854 quia
749 787 850 836 tamen
877 774 989 836 visibili
1011 775 1181 854 praesentia
1203 775 1360 836 internos

230 896 312 937 »non
338 877 471 949 habitat,
497 890 531 939 ut
553 879 739 939 voluntatem
762 879 850 938 nobis
872 896 956 938 suam
978 896 1031 938 ore
1052 896 1153 938 eoram
1176 877 1359 948 declararet,

229 979 407 1042 »homiuum
432 983 635 1042 ministerium
664 984 696 1042 in
718 982 776 1042 boc
797 982 938 1051 adhibet,
967 992 998 1042 et
1019 982 1104 1062 quasi
1126 982 1267 1042 vicariam
1291 999 1358 1060 ope·

229 1103 330 1154 aram,
352 1095 387 1145 ut
408 1105 462 1165 per
483 1105 516 1146 os
537 1087 669 1165 ipsorum
692 1104 780 1146 suum
803 1087 866 1165 ipse
889 1104 963 1165 opus
985 1095 1069 1165 agat;
1093 1085 1223 1163 qualiter
1235 1084 1272 1144 ad
1285 1102 1359 1164 opus

228 1207 371 1267 »quoquc
400 1190 570 1250 laciendum
598 1192 802 1250 instrumento
827 1191 925 1249 utitur
947 1187 1119 1266 arcisex1).’·
1161 1186 1243 1248 Nihil
1264 1188 1359 1266 igitur

225 1290 381 1352 hominum
404 1294 540 1372 regImen
559 1314 574 1354 a
593 1294 696 1354 divina
713 1294 870 1372 majestate
888 1293 1029 1372 abrogat,
1052 1292 1125 1370 quin
1143 1292 1220 1360 imo,
1241 1309 1356 1352 summa

226 1413 258 1454 sc
283 1395 371 1456 nobis
392 1398 525 1456 utilitate
547 1397 747 1458 commendat.
789 1395 911 1456 Etenim
934 1397 980 1456 »si
1003 1396 1040 1455 de
1063 1396 1147 1454 coelo
1168 1393 1233 1474 lpse
1255 1395 1357 1474 loque·

226 1508 349 1568 aretur,
378 1499 455 1559 nihil
483 1500 594 1559 mirum
621 1499 716 1569 soret,
745 1501 770 1559 si
800 1518 882 1559 saera
912 1499 977 1560 eius
1005 1499 1124 1558 oracula
1153 1496 1191 1556 ab
1217 1497 1357 1558 omnibus

226 1601 311 1662 »sine
333 1621 415 1663 mora
438 1613 615 1664 reverenter
632 1605 853 1683 exciperentur.
896 1601 969 1672 Quis
987 1602 1066 1661 enim
1086 1610 1275 1680 praesentem
1290 1601 1356 1662 eius

225 1715 428 1784 »potestatem
457 1726 518 1767 non
544 1706 761 1768 horreret...
805 1705 915 1767 Verum
938 1705 998 1766 ,ubi
1025 1705 1189 1765 homuncio
1211 1704 1359 1782 quispiam

225 1826 284 1867 »ex
306 1809 430 1887 pulvere
452 1826 586 1868 emersus
606 1809 637 1868 in
659 1808 781 1868 nomine
804 1807 857 1868 Ilei
879 1809 1031 1886 loquitur,
1059 1807 1108 1866 bie
1130 1816 1264 1868 nostram
1282 1824 1356 1886 ergo

224 1909 342 1970 »Deum
370 1911 591 1972 observantiam
622 1913 735 1991 optimo
760 1913 933 1972 testimonio
961 1907 1163 1979 declaramus
1185 1911 1210 1970 si
1243 1909 1356 1970 dociles

223 2030 300 2072 »nos
321 2011 500 2072 exhibemus
522 2014 587 2072 eius
607 2014 748 2073 ministro
760 2013 809 2094 ²).’'
852 2013 948 2073 Simul
970 2014 1061 2074 etiarn
1085 2011 1165 2072 Deus
1196 2011 1355 2073 »boemo-

223 2115 284 2174 »do
312 2134 396 2175 suam
425 2135 498 2196 crgo
523 2135 577 2176 nos
598 2117 806 2196 dignationem
828 2117 977 2186 declarat,
1005 2135 1100 2195 quum
1122 2134 1160 2175 ex
1181 2115 1356 2176 bominibus

222 2219 350 2286 »sumta
377 2219 428 2297 qui
451 2238 504 2300 pro
525 2239 557 2280 se
579 2221 610 2280 in
636 2220 751 2280 mundo
772 2221 924 2299 legatione
945 2217 1208 2298 iungerentur⁸).’'
1250 2217 1355 2278 »Nihil

221 2321 376 2400 »denique
398 2322 435 2381 ad
457 2321 617 2381 fovendam
638 2333 774 2382 mutuam
793 2321 970 2381 ebaritatam
987 2321 1087 2399 aptius
1098 2329 1180 2388 crat,
1192 2339 1281 2398 quam
1296 2320 1354 2380 hoc

222 2426 365 2486 »vinculo
393 2424 531 2485 homines
557 2426 638 2486 inter
663 2445 694 2485 sc
723 2425 873 2504 colligari,
901 2425 969 2486 dum
989 2443 1064 2484 caca
1085 2422 1267 2483 constituitur
1285 2440 1353 2500 pus·

222 2533 302 2598 otor,
331 2527 380 2606 qui
408 2527 532 2606 reliquos
561 2528 647 2588 situel
667 2529 784 2588 doceat:
812 2529 861 2607 qcc‘
881 2547 945 2588 cero
966 2525 1103 2606 discipali
1124 2544 1183 2586 csse
1204 2525 1352 2596 iubeatur,

221 2647 415 2690 »commatrem
444 2649 479 2691 coc
499 2650 557 2692 cato
577 2650 626 2691 ore
643 2631 805 2692 doctrinam
826 2630 971 2708 acciplunt
982 2629 1031 2712 ⁴).”
1073 2628 1235 2708 Propterea
1257 2628 1351 2690 bono·

219 2731 442 2794 rificentissime
477 2734 508 2794 in
538 2734 631 2795 verbo
660 2753 715 2794 suo
744 2735 850 2814 elogiis
878 2733 1028 2794 Ecclesiae
1057 2733 1212 2793 ministros
1242 2749 1350 2793 ornare

219 2837 296 2896 solet
325 2835 419 2905 Deus,
462 2839 581 2898 »lucem
603 2837 725 2906 mundi,
753 2839 847 2897 salem
869 2847 968 2897 terrac
991 2855 1043 2897 eos
1065 2835 1350 2917 pronunciavit⁸);”

219 2957 297 2998 »nec
323 2938 509 3018 splendidius
537 2957 609 3000 sane
635 2939 736 2998 ornari
762 2947 918 3017 poterant,
946 2955 1036 3016 quam
1064 2956 1157 3015 quum
1178 2937 1268 3005 dicit,
1296 2937 1348 3015 qui

218 3059 293 3100 »vos
315 3042 415 3110 audit,
436 3060 484 3102 me
506 3043 591 3104 audit
602 3041 652 3123 ⁸).’'
694 3040 807 3110 Quodsi
819 3041 976 3102 bominum
987 3042 1018 3100 in
1031 3039 1163 3100 Ecclesia
1178 3041 1348 3100 ministerio

217 3145 294 3204 tanti
323 3145 462 3204 aestimat
483 3143 578 3213 Deus,
600 3144 734 3223 prolecto
773 3143 948 3203 »Ecclesiae
971 3143 1198 3222 dissipationem
1220 3143 1268 3203 vel
1286 3143 1347 3204 rui·

217 3265 307 3306 »nam
329 3248 430 3326 potius
451 3259 482 3308 et
505 3249 631 3308 exitium
652 3249 791 3315 molitur,
820 3247 955 3325 quisquis
978 3245 1054 3305 acac
1071 3244 1215 3313 crdiacm,
1236 3255 1267 3304 et
1288 3243 1346 3306 hoc

217 3368 334 3430 »genus
362 3351 518 3430 regiminis
547 3353 595 3412 vel
623 3351 744 3412 abolere
767 3350 884 3418 studet,
913 3349 961 3408 vel
983 3348 1067 3427 quasi
1089 3349 1189 3408 minus
1210 3366 1344 3409 necessa·

216 3453 316 3513 »rium
344 3455 450 3514 elevat.
493 3452 596 3533 Neque
618 3453 700 3514 enim
722 3455 769 3514 vel
791 3454 862 3514 solis
883 3453 986 3512 lumen
1009 3471 1042 3512 ac
1064 3453 1161 3522 color,
1190 3453 1239 3514 vel
1260 3451 1345 3512 cibus

215 3574 275 3614 rae
302 3567 391 3634 potus
419 3566 480 3618 tam
509 3567 579 3618 sunt
607 3559 774 3637 praesentis
803 3559 883 3617 vitae
911 3556 1057 3616 lavandae
1086 3574 1119 3614 ac
1147 3554 1343 3615 sustinendae

215 3660 419 3730 successario,
441 3679 530 3739 quam
552 3670 598 3720 est
619 3661 842 3721 conservandae
863 3661 895 3720 iu
917 3659 1007 3719 terris
1028 3657 1179 3718 Ecclesiae
1202 3659 1342 3738 apostoli·

214 3780 303 3822 »cum
332 3781 366 3823 ac
394 3762 542 3842 pastorale
570 3779 681 3822 munus
692 3762 741 3843 7).”
783 3759 887 3840 Neque
915 3759 1089 3820 mortalium
1121 3759 1162 3819 in·
1184 3758 1268 3820 hisee
1290 3759 1342 3820 de·

252 3996 878 4066 ¹)1nst.1v.3.1.es.00mm.ad1P0.V.u.
928 3996 1050 4062 .²)I'⁸⁸I·
1068 3996 1109 4046 IV.
1128 3996 1151 4048 8.
1170 3996 1193 4046 1.
1265 4001 1286 4062 ³)
1304 3999 1341 4051 lb,

252 4085 272 4147 ⁴)
291 4085 328 4135 Ib.
345 4083 438 4134 Ultima
454 4083 537 4142 verba,
555 4098 614 4149 quae
633 4081 737 4146 obliquis
758 4079 848 4129 litteris
864 4081 959 4128 exarata
981 4081 1050 4138 sunt,
1070 4077 1137 4138 ride,
1155 4094 1225 4144 quam
1245 4083 1340 4147 egregia

211 4166 362 4226 confirment,
379 4181 417 4226 ea,
435 4181 494 4230 quac
511 4180 561 4230 cap.
579 4163 613 4214 II.
635 4166 646 4224 ς
665 4163 687 4213 6.
703 4178 727 4226 p.
745 4163 784 4212 25.
802 4162 833 4210 28
851 4160 879 4209 de
895 4159 1015 4209 Ecclesiae
1031 4157 1110 4208 indole
1129 4157 1310 4224 disputavimus.

250 4249 270 4310 ⁶)
289 4247 325 4297 Ib.
342 4249 371 4298 cl.
389 4249 470 4298 Prael.
488 4247 522 4295 ad
538 4247 607 4296 lach.
624 4244 694 4294 VIII.
713 4244 753 4294 23.
771 4245 795 4292 et
813 4243 847 4292 ad
861 4242 939 4308 Happ.
957 4241 978 4292 1.
997 4242 1036 4292 12.

250 4329 269 4390 ὅ)
290 4332 349 4378 last.
370 4327 413 4379 IV.
436 4329 459 4379 3.
480 4327 503 4378 1.
525 4327 555 4375 cl.
578 4327 621 4391 Ep.
643 4325 678 4375 ad
697 4325 760 4375 Eccl.
788 4325 872 4374 Gener.
891 4324 957 4375 Tam.
974 4321 1032 4374 be.
1049 4324 1101 4377 11¹.
1118 4324 1162 4390 Ep.
1179 4323 1215 4374 ad
1233 4327 1297 4378 Com.
1313 4327 1352 4394 in·

211 4409 315 4462 Earnatc
331 4410 397 4460 Turn.
415 4407 471 4461 IXb.
489 4409 558 4459 136⁸.
578 4409 630 4459 cat.
650 4409 707 4459 Gen.
724 4406 791 4458 Tam.
809 4404 880 4456 VIII.
898 4405 949 4455 25⁸.

248 4490 268 4556 ⁷)
287 4491 348 4546 Ioci.
361 4491 411 4568 IV.
422 4489 452 4545 d.
470 4490 493 4542 2.
