<?xml version="1.0" encoding="UTF-8"?>
<!DOCTYPE html PUBLIC "-//W3C//DTD XHTML 1.0 Transitional//EN"
    "http://www.w3.org/TR/xhtml1/DTD/xhtml1-transitional.dtd">
<html xmlns="http://www.w3.org/1999/xhtml" xml:lang="en" lang="en">
 <head>
  <title>
</title>
<meta http-equiv="Content-Type" content="text/html;charset=utf-8" />
  <meta name='ocr-system' content='tesseract 3.04.00' />
  <meta name='ocr-capabilities' content='ocr_page ocr_carea ocr_par ocr_line ocrx_word'/>
</head>
<body>
  <div class='ocr_page' id='page_1' title='image "./disquisitiohist00kuypgoog_0096.png"; bbox 0 0 3228 5102; ppageno 0'>
   <div class='ocr_carea' id='block_1_1' title="bbox 816 255 855 316">
    <p class='ocr_par' dir='ltr' id='par_1_1' title="bbox 816 255 855 316">
     <span class='ocr_line' id='line_1_1' title="bbox 816 255 855 316; baseline 0 0"><span class='ocrx_word' id='word_1_1' title='bbox 816 255 855 316; x_wconf 69' lang='lat' dir='ltr'><strong>lb</strong></span> 
     </span>
    </p>
   </div>
   <div class='ocr_carea' id='block_1_2' title="bbox 216 454 1407 4159">
    <p class='ocr_par' dir='ltr' id='par_1_2' title="bbox 216 454 1407 4159">
     <span class='ocr_line' id='line_1_2' title="bbox 271 454 1406 536; baseline -0.004 -16"><span class='ocrx_word' id='word_1_2' title='bbox 271 459 478 520; x_wconf 87' lang='lat' dir='ltr'><strong>testimonium</strong></span> <span class='ocrx_word' id='word_1_3' title='bbox 512 457 625 536; x_wconf 77' lang='lat' dir='ltr'><strong>requiri</strong></span> <span class='ocrx_word' id='word_1_4' title='bbox 659 466 774 536; x_wconf 91' lang='lat' dir='ltr'><strong>potest,</strong></span> <span class='ocrx_word' id='word_1_5' title='bbox 807 476 895 536; x_wconf 86' lang='lat' dir='ltr'><strong>quam</strong></span> <span class='ocrx_word' id='word_1_6' title='bbox 930 455 1076 535; x_wconf 76' lang='lat' dir='ltr'>praebent</span> <span class='ocrx_word' id='word_1_7' title='bbox 1115 454 1308 516; x_wconf 87' lang='lat' dir='ltr'><strong>nobisbaec</strong></span> <span class='ocrx_word' id='word_1_8' title='bbox 1340 455 1406 516; x_wconf 88' lang='lat' dir='ltr'><strong>cius</strong></span> 
     </span>
     <span class='ocr_line' id='line_1_3' title="bbox 270 558 1406 638; baseline -0.007 -14"><span class='ocrx_word' id='word_1_9' title='bbox 270 564 377 624; x_wconf 91' lang='lat' dir='ltr'><strong>verba:</strong></span> <span class='ocrx_word' id='word_1_10' title='bbox 421 561 611 622; x_wconf 71' lang='lat' dir='ltr'><strong>»diuidemus</strong></span> <span class='ocrx_word' id='word_1_11' title='bbox 634 559 793 622; x_wconf 80' lang='lat' dir='ltr'><strong><em>Ecclesiam</em></strong></span> <span class='ocrx_word' id='word_1_12' title='bbox 815 560 847 620; x_wconf 87' lang='lat' dir='ltr'><strong>in</strong></span> <span class='ocrx_word' id='word_1_13' title='bbox 864 561 952 620; x_wconf 86' lang='lat' dir='ltr'><strong>dnos</strong></span> <span class='ocrx_word' id='word_1_14' title='bbox 973 559 1124 619; x_wconf 78' lang='lat' dir='ltr'><em>ordines</em></span> <span class='ocrx_word' id='word_1_15' title='bbox 1141 559 1330 638; x_wconf 83' lang='lat' dir='ltr'><strong>praecipuos:</strong></span> <span class='ocrx_word' id='word_1_16' title='bbox 1352 558 1406 618; x_wconf 89' lang='lat' dir='ltr'><strong>cle-</strong></span> 
     </span>
     <span class='ocr_line' id='line_1_4' title="bbox 270 663 1406 746; baseline -0.004 -20"><span class='ocrx_word' id='word_1_17' title='bbox 270 685 358 727; x_wconf 71' lang='lat' dir='ltr'><strong>irano</strong></span> <span class='ocrx_word' id='word_1_18' title='bbox 379 684 416 726; x_wconf 87' lang='lat' dir='ltr'><strong>sc.</strong></span> <span class='ocrx_word' id='word_1_19' title='bbox 438 671 464 724; x_wconf 83' lang='lat' dir='ltr'><strong>et</strong></span> <span class='ocrx_word' id='word_1_20' title='bbox 482 664 592 743; x_wconf 82' lang='lat' dir='ltr'><strong><em>plebem</em></strong></span> <span class='ocrx_word' id='word_1_21' title='bbox 605 663 655 746; x_wconf 58' lang='grc' dir='ltr'><strong>ψ’</strong></span> <span class='ocrx_word' id='word_1_22' title='bbox 698 663 781 733; x_wconf 85' lang='lat' dir='ltr'><strong>Quae</strong></span> <span class='ocrx_word' id='word_1_23' title='bbox 804 663 894 723; x_wconf 88' lang='lat' dir='ltr'><strong>verba</strong></span> <span class='ocrx_word' id='word_1_24' title='bbox 914 665 993 722; x_wconf 87' lang='lat' dir='ltr'><strong>clare</strong></span> <span class='ocrx_word' id='word_1_25' title='bbox 1013 663 1100 722; x_wconf 91' lang='lat' dir='ltr'><strong>simul</strong></span> <span class='ocrx_word' id='word_1_26' title='bbox 1119 663 1206 722; x_wconf 90' lang='lat' dir='ltr'><strong>nobis</strong></span> <span class='ocrx_word' id='word_1_27' title='bbox 1225 663 1406 731; x_wconf 87' lang='lat' dir='ltr'><strong>ostendunt,</strong></span> 
     </span>
     <span class='ocr_line' id='line_1_5' title="bbox 269 765 1405 850; baseline -0.003 -21"><span class='ocrx_word' id='word_1_28' title='bbox 269 769 342 850; x_wconf 82' lang='lat' dir='ltr'><strong>quid</strong></span> <span class='ocrx_word' id='word_1_29' title='bbox 365 769 421 828; x_wconf 92' lang='lat' dir='ltr'><strong>sibi</strong></span> <span class='ocrx_word' id='word_1_30' title='bbox 444 769 590 836; x_wconf 78' lang='lat' dir='ltr'><strong>volitent,</strong></span> <span class='ocrx_word' id='word_1_31' title='bbox 613 767 664 827; x_wconf 93' lang='lat' dir='ltr'><strong>ubi</strong></span> <span class='ocrx_word' id='word_1_32' title='bbox 688 768 718 826; x_wconf 91' lang='lat' dir='ltr'><strong>in</strong></span> <span class='ocrx_word' id='word_1_33' title='bbox 742 767 927 846; x_wconf 75' lang='lat' dir='ltr'><strong>praefatione</strong></span> <span class='ocrx_word' id='word_1_34' title='bbox 949 766 1041 826; x_wconf 90' lang='lat' dir='ltr'><strong>huius</strong></span> <span class='ocrx_word' id='word_1_35' title='bbox 1059 767 1127 826; x_wconf 86' lang='lat' dir='ltr'><strong>libri</strong></span> <span class='ocrx_word' id='word_1_36' title='bbox 1147 767 1240 836; x_wconf 74' lang='lat' dir='ltr'><strong>dixin</strong></span> <span class='ocrx_word' id='word_1_37' title='bbox 1283 765 1405 836; x_wconf 75' lang='lat' dir='ltr'><strong>»Quare</strong></span> 
     </span>
     <span class='ocr_line' id='line_1_6' title="bbox 270 869 1405 956; baseline -0.002 -24"><span class='ocrx_word' id='word_1_38' title='bbox 270 873 424 952; x_wconf 73' lang='lat' dir='ltr'><strong>»postulat</strong></span> <span class='ocrx_word' id='word_1_39' title='bbox 450 871 571 931; x_wconf 89' lang='lat' dir='ltr'><strong>dicendi</strong></span> <span class='ocrx_word' id='word_1_40' title='bbox 601 871 695 938; x_wconf 88' lang='lat' dir='ltr'><strong>ratio,</strong></span> <span class='ocrx_word' id='word_1_41' title='bbox 717 881 751 930; x_wconf 89' lang='lat' dir='ltr'><strong>ut</strong></span> <span class='ocrx_word' id='word_1_42' title='bbox 773 889 854 930; x_wconf 92' lang='lat' dir='ltr'><strong>nunc</strong></span> <span class='ocrx_word' id='word_1_43' title='bbox 876 871 913 930; x_wconf 88' lang='lat' dir='ltr'><strong>de</strong></span> <span class='ocrx_word' id='word_1_44' title='bbox 936 869 1084 956; x_wconf 81' lang='lat' dir='ltr'><strong>Ecclesia,</strong></span> <span class='ocrx_word' id='word_1_45' title='bbox 1110 871 1235 949; x_wconf 91' lang='lat' dir='ltr'><strong>eiusque</strong></span> <span class='ocrx_word' id='word_1_46' title='bbox 1257 870 1405 949; x_wconf 86' lang='lat' dir='ltr'><strong>regimine</strong></span> 
     </span>
     <span class='ocr_line' id='line_1_7' title="bbox 272 973 1406 1054; baseline -0.003 -19"><span class='ocrx_word' id='word_1_47' title='bbox 272 985 325 1036; x_wconf 78' lang='lat' dir='ltr'><strong>»et</strong></span> <span class='ocrx_word' id='word_1_48' title='bbox 344 973 493 1034; x_wconf 77' lang='lat' dir='ltr'><strong>ordinibus</strong></span> <span class='ocrx_word' id='word_1_49' title='bbox 508 983 673 1034; x_wconf 89' lang='lat' dir='ltr'><strong>tractemus</strong></span> <span class='ocrx_word' id='word_1_50' title='bbox 684 973 734 1054; x_wconf 83' lang='lat'>²).&#39;&#39;</span> <span class='ocrx_word' id='word_1_51' title='bbox 778 973 893 1043; x_wconf 87' lang='lat' dir='ltr'><strong>Quibus</strong></span> <span class='ocrx_word' id='word_1_52' title='bbox 911 984 1148 1034; x_wconf 88' lang='lat' dir='ltr'><strong>consentaneum</strong></span> <span class='ocrx_word' id='word_1_53' title='bbox 1166 985 1227 1042; x_wconf 89' lang='lat' dir='ltr'><strong>cst,</strong></span> <span class='ocrx_word' id='word_1_54' title='bbox 1246 992 1333 1042; x_wconf 91' lang='lat' dir='ltr'><strong>eum,</strong></span> <span class='ocrx_word' id='word_1_55' title='bbox 1353 973 1406 1032; x_wconf 89' lang='lat' dir='ltr'><strong>ubi</strong></span> 
     </span>
     <span class='ocr_line' id='line_1_8' title="bbox 271 1071 1407 1157; baseline -0.002 -19"><span class='ocrx_word' id='word_1_56' title='bbox 271 1071 309 1138; x_wconf 86' lang='lat' dir='ltr'><strong>ad</strong></span> <span class='ocrx_word' id='word_1_57' title='bbox 336 1087 470 1156; x_wconf 88' lang='lat' dir='ltr'><strong>pastores</strong></span> <span class='ocrx_word' id='word_1_58' title='bbox 493 1077 632 1157; x_wconf 89' lang='lat' dir='ltr'><strong>pervenit</strong></span> <span class='ocrx_word' id='word_1_59' title='bbox 654 1077 767 1144; x_wconf 88' lang='lat' dir='ltr'><strong>oratio,</strong></span> <span class='ocrx_word' id='word_1_60' title='bbox 796 1076 843 1136; x_wconf 92' lang='lat' dir='ltr'><strong>bis</strong></span> <span class='ocrx_word' id='word_1_61' title='bbox 865 1076 965 1136; x_wconf 89' lang='lat' dir='ltr'><strong>verbis</strong></span> <span class='ocrx_word' id='word_1_62' title='bbox 988 1077 1097 1137; x_wconf 90' lang='lat' dir='ltr'><strong>ordiri:</strong></span> <span class='ocrx_word' id='word_1_63' title='bbox 1139 1078 1224 1137; x_wconf 74' lang='lat' dir='ltr'><strong>»lam</strong></span> <span class='ocrx_word' id='word_1_64' title='bbox 1247 1077 1285 1138; x_wconf 91' lang='lat' dir='ltr'><strong>dc</strong></span> <span class='ocrx_word' id='word_1_65' title='bbox 1307 1077 1407 1138; x_wconf 87' lang='lat' dir='ltr'><strong>ordine</strong></span> 
     </span>
     <span class='ocr_line' id='line_1_9' title="bbox 270 1177 1406 1262; baseline 0.003 -23"><span class='ocrx_word' id='word_1_66' title='bbox 270 1177 455 1246; x_wconf 81' lang='lat' dir='ltr'><strong>»dicendum</strong></span> <span class='ocrx_word' id='word_1_67' title='bbox 487 1191 549 1248; x_wconf 92' lang='lat' dir='ltr'><strong>est,</strong></span> <span class='ocrx_word' id='word_1_68' title='bbox 578 1199 638 1258; x_wconf 92' lang='lat' dir='ltr'><strong>quo</strong></span> <span class='ocrx_word' id='word_1_69' title='bbox 667 1179 829 1240; x_wconf 85' lang='lat' dir='ltr'><strong>Ecclesiam</strong></span> <span class='ocrx_word' id='word_1_70' title='bbox 860 1199 944 1240; x_wconf 89' lang='lat' dir='ltr'><strong>suam</strong></span> <span class='ocrx_word' id='word_1_71' title='bbox 971 1181 1135 1260; x_wconf 87' lang='lat' dir='ltr'><strong>gubernari</strong></span> <span class='ocrx_word' id='word_1_72' title='bbox 1164 1183 1230 1240; x_wconf 85' lang='lat' dir='ltr'><strong>vult</strong></span> <span class='ocrx_word' id='word_1_73' title='bbox 1259 1180 1339 1242; x_wconf 88' lang='lat' dir='ltr'><strong>Deus</strong></span> <span class='ocrx_word' id='word_1_74' title='bbox 1358 1180 1406 1262; x_wconf 65' lang='grc'><strong>3).”</strong></span> 
     </span>
     <span class='ocr_line' id='line_1_10' title="bbox 270 1281 1405 1364; baseline -0.001 -20"><span class='ocrx_word' id='word_1_75' title='bbox 270 1281 383 1353; x_wconf 86' lang='lat' dir='ltr'><strong>Quodsi</strong></span> <span class='ocrx_word' id='word_1_76' title='bbox 405 1285 500 1363; x_wconf 89' lang='lat' dir='ltr'><strong>igitur</strong></span> <span class='ocrx_word' id='word_1_77' title='bbox 521 1294 606 1344; x_wconf 86' lang='lat' dir='ltr'><strong>extra</strong></span> <span class='ocrx_word' id='word_1_78' title='bbox 629 1285 865 1344; x_wconf 83' lang='lat' dir='ltr'><strong>cotttroversiam</strong></span> <span class='ocrx_word' id='word_1_79' title='bbox 888 1284 1006 1345; x_wconf 91' lang='lat' dir='ltr'><strong>duobus</strong></span> <span class='ocrx_word' id='word_1_80' title='bbox 1028 1284 1110 1344; x_wconf 89' lang='lat' dir='ltr'><strong>bisce</strong></span> <span class='ocrx_word' id='word_1_81' title='bbox 1129 1285 1311 1344; x_wconf 74' lang='lat' dir='ltr'><strong>testimoniis</strong></span> <span class='ocrx_word' id='word_1_82' title='bbox 1330 1285 1405 1364; x_wconf 90' lang='lat' dir='ltr'><strong>posi·</strong></span> 
     </span>
     <span class='ocr_line' id='line_1_11' title="bbox 271 1387 1406 1458; baseline 0.002 -12"><span class='ocrx_word' id='word_1_83' title='bbox 271 1397 335 1446; x_wconf 88' lang='lat' dir='ltr'><strong>tum</strong></span> <span class='ocrx_word' id='word_1_84' title='bbox 365 1397 425 1454; x_wconf 89' lang='lat' dir='ltr'><strong>est,</strong></span> <span class='ocrx_word' id='word_1_85' title='bbox 454 1388 485 1448; x_wconf 93' lang='lat' dir='ltr'><strong>in</strong></span> <span class='ocrx_word' id='word_1_86' title='bbox 508 1388 583 1448; x_wconf 89' lang='lat' dir='ltr'><strong>duos</strong></span> <span class='ocrx_word' id='word_1_87' title='bbox 606 1387 722 1448; x_wconf 90' lang='lat' dir='ltr'><strong>ordines</strong></span> <span class='ocrx_word' id='word_1_88' title='bbox 743 1389 899 1448; x_wconf 86' lang='lat' dir='ltr'><strong>eeclesiam</strong></span> <span class='ocrx_word' id='word_1_89' title='bbox 922 1409 937 1448; x_wconf 85' lang='lat' dir='ltr'><strong>a</strong></span> <span class='ocrx_word' id='word_1_90' title='bbox 961 1388 1083 1449; x_wconf 88' lang='lat' dir='ltr'><strong>Calvino</strong></span> <span class='ocrx_word' id='word_1_91' title='bbox 1105 1407 1171 1448; x_wconf 90' lang='lat' dir='ltr'><strong>csse</strong></span> <span class='ocrx_word' id='word_1_92' title='bbox 1193 1389 1336 1458; x_wconf 80' lang='lat' dir='ltr'><strong>disisam,</strong></span> <span class='ocrx_word' id='word_1_93' title='bbox 1358 1407 1406 1448; x_wconf 91' lang='lat' dir='ltr'><strong>ec·</strong></span> 
     </span>
     <span class='ocr_line' id='line_1_12' title="bbox 269 1489 1407 1572; baseline -0.001 -22"><span class='ocrx_word' id='word_1_94' title='bbox 269 1490 338 1550; x_wconf 88' lang='lat' dir='ltr'><strong>dem</strong></span> <span class='ocrx_word' id='word_1_95' title='bbox 357 1509 478 1570; x_wconf 91' lang='lat' dir='ltr'><strong>quoque</strong></span> <span class='ocrx_word' id='word_1_96' title='bbox 497 1511 586 1552; x_wconf 87' lang='lat' dir='ltr'><strong>sensu</strong></span> <span class='ocrx_word' id='word_1_97' title='bbox 606 1489 762 1551; x_wconf 73' lang='lat' dir='ltr'><strong>»ordinis&#39;</strong></span> <span class='ocrx_word' id='word_1_98' title='bbox 784 1491 960 1552; x_wconf 89' lang='lat' dir='ltr'><strong>vocabulum</strong></span> <span class='ocrx_word' id='word_1_99' title='bbox 978 1493 1186 1572; x_wconf 86' lang='lat' dir='ltr'><strong>accipiendum</strong></span> <span class='ocrx_word' id='word_1_100' title='bbox 1205 1511 1270 1552; x_wconf 90' lang='lat' dir='ltr'><strong>esse</strong></span> <span class='ocrx_word' id='word_1_101' title='bbox 1286 1491 1407 1552; x_wconf 89' lang='lat' dir='ltr'><strong>videtur</strong></span> 
     </span>
     <span class='ocr_line' id='line_1_13' title="bbox 269 1593 1406 1676; baseline 0.002 -24"><span class='ocrx_word' id='word_1_102' title='bbox 269 1594 299 1653; x_wconf 93' lang='lat' dir='ltr'><strong>in</strong></span> <span class='ocrx_word' id='word_1_103' title='bbox 322 1593 343 1676; x_wconf 81' lang='lat'>§</span> <span class='ocrx_word' id='word_1_104' title='bbox 365 1597 399 1663; x_wconf 83' lang='lat'><strong>5,</strong></span> <span class='ocrx_word' id='word_1_105' title='bbox 421 1595 489 1662; x_wconf 90' lang='lat' dir='ltr'><strong>ubi,</strong></span> <span class='ocrx_word' id='word_1_106' title='bbox 518 1605 676 1675; x_wconf 73' lang='lat' dir='ltr'><strong>postquam</strong></span> <span class='ocrx_word' id='word_1_107' title='bbox 705 1595 743 1656; x_wconf 90' lang='lat' dir='ltr'><strong>de</strong></span> <span class='ocrx_word' id='word_1_108' title='bbox 770 1605 923 1674; x_wconf 90' lang='lat' dir='ltr'><strong>pastorum</strong></span> <span class='ocrx_word' id='word_1_109' title='bbox 950 1596 1156 1664; x_wconf 90' lang='lat' dir='ltr'><strong>institutione,</strong></span> <span class='ocrx_word' id='word_1_110' title='bbox 1178 1605 1209 1656; x_wconf 88' lang='lat' dir='ltr'><strong>et</strong></span> <span class='ocrx_word' id='word_1_111' title='bbox 1232 1596 1270 1656; x_wconf 91' lang='lat' dir='ltr'><strong>de</strong></span> <span class='ocrx_word' id='word_1_112' title='bbox 1292 1615 1406 1656; x_wconf 89' lang='lat' dir='ltr'><strong>summa</strong></span> 
     </span>
     <span class='ocr_line' id='line_1_14' title="bbox 268 1697 1404 1778; baseline 0.001 -22"><span class='ocrx_word' id='word_1_113' title='bbox 268 1697 501 1776; x_wconf 79' lang='lat' dir='ltr'><strong>praedicationis</strong></span> <span class='ocrx_word' id='word_1_114' title='bbox 531 1699 663 1759; x_wconf 89' lang='lat' dir='ltr'><strong>utilitate</strong></span> <span class='ocrx_word' id='word_1_115' title='bbox 685 1699 782 1758; x_wconf 86' lang='lat' dir='ltr'><strong>fusius</strong></span> <span class='ocrx_word' id='word_1_116' title='bbox 804 1699 963 1767; x_wconf 86' lang='lat' dir='ltr'><strong>disseruit,</strong></span> <span class='ocrx_word' id='word_1_117' title='bbox 990 1699 1020 1758; x_wconf 92' lang='lat' dir='ltr'><strong>in</strong></span> <span class='ocrx_word' id='word_1_118' title='bbox 1043 1698 1125 1758; x_wconf 90' lang='lat' dir='ltr'><strong>bunc</strong></span> <span class='ocrx_word' id='word_1_119' title='bbox 1146 1699 1269 1759; x_wconf 90' lang='lat' dir='ltr'><strong>modum</strong></span> <span class='ocrx_word' id='word_1_120' title='bbox 1291 1699 1404 1778; x_wconf 85' lang='lat' dir='ltr'><strong>pergit:</strong></span> 
     </span>
     <span class='ocr_line' id='line_1_15' title="bbox 267 1783 1405 1884; baseline 0.004 -26"><span class='ocrx_word' id='word_1_121' title='bbox 267 1797 369 1881; x_wconf 72' lang='lat' dir='ltr'><strong>»Ergo</strong></span> <span class='ocrx_word' id='word_1_122' title='bbox 391 1810 425 1860; x_wconf 92' lang='lat' dir='ltr'><strong>ut</strong></span> <span class='ocrx_word' id='word_1_123' title='bbox 454 1801 583 1860; x_wconf 87' lang='lat' dir='ltr'><strong>sciamus</strong></span> <span class='ocrx_word' id='word_1_124' title='bbox 614 1820 651 1860; x_wconf 85' lang='lat' dir='ltr'><strong>ex</strong></span> <span class='ocrx_word' id='word_1_125' title='bbox 682 1783 760 1861; x_wconf 85' lang='lat' dir='ltr'><strong>vasis</strong></span> <span class='ocrx_word' id='word_1_126' title='bbox 793 1803 932 1862; x_wconf 78' lang='lat' dir='ltr'><strong>testaceis</strong></span> <span class='ocrx_word' id='word_1_127' title='bbox 961 1801 1141 1882; x_wconf 88' lang='lat' dir='ltr'><strong>(pastoribus</strong></span> <span class='ocrx_word' id='word_1_128' title='bbox 1163 1803 1212 1884; x_wconf 89' lang='lat' dir='ltr'><strong>sc.)</strong></span> <span class='ocrx_word' id='word_1_129' title='bbox 1233 1803 1321 1862; x_wconf 89' lang='lat' dir='ltr'><strong>nobis</strong></span> <span class='ocrx_word' id='word_1_130' title='bbox 1340 1821 1405 1882; x_wconf 88' lang='lat' dir='ltr'><strong>pro·</strong></span> 
     </span>
     <span class='ocr_line' id='line_1_16' title="bbox 268 1892 1406 1986; baseline 0.004 -27"><span class='ocrx_word' id='word_1_131' title='bbox 268 1892 360 1962; x_wconf 75' lang='lat' dir='ltr'><strong>»lerri</strong></span> <span class='ocrx_word' id='word_1_132' title='bbox 391 1903 642 1964; x_wconf 88' lang='lat' dir='ltr'><strong>inaestimabilem</strong></span> <span class='ocrx_word' id='word_1_133' title='bbox 674 1903 865 1976; x_wconf 84' lang='lat' dir='ltr'><strong>thesaurum,</strong></span> <span class='ocrx_word' id='word_1_134' title='bbox 901 1904 978 1965; x_wconf 83' lang='lat' dir='ltr'><strong>licus</strong></span> <span class='ocrx_word' id='word_1_135' title='bbox 1007 1906 1038 1965; x_wconf 90' lang='lat' dir='ltr'><strong>in</strong></span> <span class='ocrx_word' id='word_1_136' title='bbox 1066 1906 1200 1965; x_wconf 88' lang='lat' dir='ltr'><strong>medium</strong></span> <span class='ocrx_word' id='word_1_137' title='bbox 1226 1905 1342 1986; x_wconf 86' lang='lat' dir='ltr'><strong>prodit,</strong></span> <span class='ocrx_word' id='word_1_138' title='bbox 1375 1916 1406 1965; x_wconf 88' lang='lat' dir='ltr'><strong>et</strong></span> 
     </span>
     <span class='ocr_line' id='line_1_17' title="bbox 266 2006 1404 2088; baseline 0.002 -22"><span class='ocrx_word' id='word_1_139' title='bbox 266 2017 435 2088; x_wconf 75' lang='lat' dir='ltr'><strong>»quatenus</strong></span> <span class='ocrx_word' id='word_1_140' title='bbox 466 2006 555 2076; x_wconf 75' lang='lat' dir='ltr'><strong>lenius¹</strong></span> <span class='ocrx_word' id='word_1_141' title='bbox 581 2007 693 2068; x_wconf 83' lang='lat' dir='ltr'><strong>ordinis</strong></span> <span class='ocrx_word' id='word_1_142' title='bbox 721 2018 827 2068; x_wconf 90' lang='lat' dir='ltr'><strong>auctor</strong></span> <span class='ocrx_word' id='word_1_143' title='bbox 856 2019 917 2076; x_wconf 90' lang='lat' dir='ltr'><strong>est,</strong></span> <span class='ocrx_word' id='word_1_144' title='bbox 939 2011 1005 2068; x_wconf 89' lang='lat' dir='ltr'><strong>vult</strong></span> <span class='ocrx_word' id='word_1_145' title='bbox 1028 2028 1059 2070; x_wconf 93' lang='lat' dir='ltr'><strong>se</strong></span> <span class='ocrx_word' id='word_1_146' title='bbox 1082 2020 1272 2088; x_wconf 80' lang='lat' dir='ltr'><strong>praesentem</strong></span> <span class='ocrx_word' id='word_1_147' title='bbox 1298 2011 1330 2069; x_wconf 92' lang='lat' dir='ltr'><strong>in</strong></span> <span class='ocrx_word' id='word_1_148' title='bbox 1352 2027 1404 2068; x_wconf 90' lang='lat' dir='ltr'><strong>sua</strong></span> 
     </span>
     <span class='ocr_line' id='line_1_18' title="bbox 267 2111 1405 2193; baseline 0.002 -23"><span class='ocrx_word' id='word_1_149' title='bbox 267 2111 483 2180; x_wconf 76' lang='lat' dir='ltr'><strong>»institutione</strong></span> <span class='ocrx_word' id='word_1_150' title='bbox 506 2113 628 2190; x_wconf 90' lang='lat' dir='ltr'><strong>agnosci</strong></span> <span class='ocrx_word' id='word_1_151' title='bbox 648 2111 701 2193; x_wconf 73' lang='lat'><strong>⁴);”</strong></span> <span class='ocrx_word' id='word_1_152' title='bbox 724 2121 755 2172; x_wconf 91' lang='lat' dir='ltr'><strong>et</strong></span> <span class='ocrx_word' id='word_1_153' title='bbox 778 2113 878 2192; x_wconf 89' lang='lat' dir='ltr'><strong>paullo</strong></span> <span class='ocrx_word' id='word_1_154' title='bbox 900 2113 1040 2173; x_wconf 91' lang='lat' dir='ltr'><strong>inlerius:</strong></span> <span class='ocrx_word' id='word_1_155' title='bbox 1074 2112 1185 2173; x_wconf 75' lang='lat' dir='ltr'><strong>»nobis</strong></span> <span class='ocrx_word' id='word_1_156' title='bbox 1206 2132 1278 2173; x_wconf 89' lang='lat' dir='ltr'><strong>vero</strong></span> <span class='ocrx_word' id='word_1_157' title='bbox 1301 2123 1405 2172; x_wconf 87' lang='lat' dir='ltr'><strong>tenen·</strong></span> 
     </span>
     <span class='ocr_line' id='line_1_19' title="bbox 267 2212 1406 2284; baseline 0.007 -16"><span class='ocrx_word' id='word_1_158' title='bbox 267 2212 357 2274; x_wconf 76' lang='lat' dir='ltr'><strong>»darm</strong></span> <span class='ocrx_word' id='word_1_159' title='bbox 391 2223 452 2282; x_wconf 90' lang='lat' dir='ltr'><strong>cst,</strong></span> <span class='ocrx_word' id='word_1_160' title='bbox 485 2212 649 2275; x_wconf 90' lang='lat' dir='ltr'><strong>Ecclesiam</strong></span> <span class='ocrx_word' id='word_1_161' title='bbox 682 2233 742 2275; x_wconf 90' lang='lat' dir='ltr'><strong>non</strong></span> <span class='ocrx_word' id='word_1_162' title='bbox 777 2217 867 2276; x_wconf 89' lang='lat' dir='ltr'><strong>aliter</strong></span> <span class='ocrx_word' id='word_1_163' title='bbox 899 2215 1126 2284; x_wconf 84' lang='lat' dir='ltr'><strong>aedificari,...</strong></span> <span class='ocrx_word' id='word_1_164' title='bbox 1158 2217 1217 2276; x_wconf 90' lang='lat' dir='ltr'><strong>nisi</strong></span> <span class='ocrx_word' id='word_1_165' title='bbox 1246 2217 1319 2277; x_wconf 90' lang='lat' dir='ltr'><strong>dum</strong></span> <span class='ocrx_word' id='word_1_166' title='bbox 1343 2234 1406 2276; x_wconf 89' lang='lat' dir='ltr'><strong>unc</strong></span> 
     </span>
     <span class='ocr_line' id='line_1_20' title="bbox 266 2317 1405 2400; baseline 0.002 -22"><span class='ocrx_word' id='word_1_167' title='bbox 266 2333 437 2388; x_wconf 59' lang='lat' dir='ltr'><strong>»consensu</strong></span> <span class='ocrx_word' id='word_1_168' title='bbox 460 2317 605 2378; x_wconf 90' lang='lat' dir='ltr'><strong>discendo</strong></span> <span class='ocrx_word' id='word_1_169' title='bbox 628 2329 658 2378; x_wconf 91' lang='lat' dir='ltr'><strong>et</strong></span> <span class='ocrx_word' id='word_1_170' title='bbox 681 2317 867 2398; x_wconf 88' lang='lat' dir='ltr'><strong>proficiendo</strong></span> <span class='ocrx_word' id='word_1_171' title='bbox 889 2318 1018 2379; x_wconf 85' lang='lat' dir='ltr'><strong>ordinem</strong></span> <span class='ocrx_word' id='word_1_172' title='bbox 1038 2317 1189 2380; x_wconf 84' lang='lat' dir='ltr'><strong>Ecclesiae</strong></span> <span class='ocrx_word' id='word_1_173' title='bbox 1206 2339 1221 2378; x_wconf 92' lang='lat' dir='ltr'><strong>a</strong></span> <span class='ocrx_word' id='word_1_174' title='bbox 1241 2317 1304 2380; x_wconf 86' lang='lat' dir='ltr'><strong>Deo</strong></span> <span class='ocrx_word' id='word_1_175' title='bbox 1322 2339 1405 2400; x_wconf 86' lang='lat' dir='ltr'><strong>prae·</strong></span> 
     </span>
     <span class='ocr_line' id='line_1_21' title="bbox 266 2420 1407 2503; baseline 0 -21"><span class='ocrx_word' id='word_1_176' title='bbox 266 2421 433 2501; x_wconf 77' lang='lat' dir='ltr'><strong>»scriptum</strong></span> <span class='ocrx_word' id='word_1_177' title='bbox 455 2422 627 2502; x_wconf 80' lang='lat' dir='ltr'><strong>colunt⁵).&#39;.’</strong></span> <span class='ocrx_word' id='word_1_178' title='bbox 670 2420 794 2483; x_wconf 81' lang='lat' dir='ltr'><strong>Etiamsi</strong></span> <span class='ocrx_word' id='word_1_179' title='bbox 818 2425 884 2502; x_wconf 88' lang='lat' dir='ltr'><strong>quis</strong></span> <span class='ocrx_word' id='word_1_180' title='bbox 907 2431 1008 2484; x_wconf 89' lang='lat' dir='ltr'><strong>autem</strong></span> <span class='ocrx_word' id='word_1_181' title='bbox 1031 2425 1219 2503; x_wconf 83' lang='lat' dir='ltr'><strong>opinaretur,</strong></span> <span class='ocrx_word' id='word_1_182' title='bbox 1239 2424 1269 2482; x_wconf 90' lang='lat' dir='ltr'><strong>in</strong></span> <span class='ocrx_word' id='word_1_183' title='bbox 1289 2423 1407 2483; x_wconf 92' lang='lat' dir='ltr'><strong>duobus</strong></span> 
     </span>
     <span class='ocr_line' id='line_1_22' title="bbox 265 2525 1405 2607; baseline 0.001 -22"><span class='ocrx_word' id='word_1_184' title='bbox 265 2527 425 2605; x_wconf 88' lang='lat' dir='ltr'><strong>postremis</strong></span> <span class='ocrx_word' id='word_1_185' title='bbox 447 2527 520 2588; x_wconf 86' lang='lat' dir='ltr'><strong>locis</strong></span> <span class='ocrx_word' id='word_1_186' title='bbox 544 2527 701 2586; x_wconf 72' lang='lat' dir='ltr'><strong>»ordinis&#39;</strong></span> <span class='ocrx_word' id='word_1_187' title='bbox 725 2527 905 2588; x_wconf 89' lang='lat' dir='ltr'><strong>vccabulum</strong></span> <span class='ocrx_word' id='word_1_188' title='bbox 927 2527 964 2587; x_wconf 89' lang='lat' dir='ltr'><strong>ad</strong></span> <span class='ocrx_word' id='word_1_189' title='bbox 988 2545 1075 2588; x_wconf 88' lang='lat' dir='ltr'><strong>omne</strong></span> <span class='ocrx_word' id='word_1_190' title='bbox 1098 2527 1198 2607; x_wconf 88' lang='lat' dir='ltr'><strong>potius</strong></span> <span class='ocrx_word' id='word_1_191' title='bbox 1220 2525 1405 2587; x_wconf 84' lang='lat' dir='ltr'><strong>Ecclesiasti-</strong></span> 
     </span>
     <span class='ocr_line' id='line_1_23' title="bbox 262 2630 1405 2710; baseline 0 -21"><span class='ocrx_word' id='word_1_192' title='bbox 262 2647 330 2689; x_wconf 91' lang='lat' dir='ltr'><strong>cum</strong></span> <span class='ocrx_word' id='word_1_193' title='bbox 359 2631 534 2690; x_wconf 89' lang='lat' dir='ltr'><strong>institutum</strong></span> <span class='ocrx_word' id='word_1_194' title='bbox 559 2630 754 2690; x_wconf 82' lang='lat' dir='ltr'><strong>referendum</strong></span> <span class='ocrx_word' id='word_1_195' title='bbox 778 2649 859 2700; x_wconf 91' lang='lat' dir='ltr'><strong>csse,</strong></span> <span class='ocrx_word' id='word_1_196' title='bbox 882 2641 999 2700; x_wconf 89' lang='lat' dir='ltr'><strong>tamen,</strong></span> <span class='ocrx_word' id='word_1_197' title='bbox 1021 2651 1098 2710; x_wconf 88' lang='lat' dir='ltr'><strong>quae</strong></span> <span class='ocrx_word' id='word_1_198' title='bbox 1124 2631 1224 2710; x_wconf 91' lang='lat' dir='ltr'><strong>priore</strong></span> <span class='ocrx_word' id='word_1_199' title='bbox 1247 2631 1313 2690; x_wconf 92' lang='lat' dir='ltr'><strong>loco</strong></span> <span class='ocrx_word' id='word_1_200' title='bbox 1335 2631 1405 2690; x_wconf 88' lang='lat' dir='ltr'><strong>cita·</strong></span> 
     </span>
     <span class='ocr_line' id='line_1_24' title="bbox 264 2729 1407 2815; baseline 0 -21"><span class='ocrx_word' id='word_1_201' title='bbox 264 2733 362 2794; x_wconf 89' lang='lat' dir='ltr'><strong>vimus</strong></span> <span class='ocrx_word' id='word_1_202' title='bbox 388 2729 504 2795; x_wconf 81' lang='lat' dir='ltr'><strong>Caluini</strong></span> <span class='ocrx_word' id='word_1_203' title='bbox 535 2734 643 2804; x_wconf 87' lang='lat' dir='ltr'><strong>verba,</strong></span> <span class='ocrx_word' id='word_1_204' title='bbox 673 2745 735 2794; x_wconf 88' lang='lat' dir='ltr'><strong>tam</strong></span> <span class='ocrx_word' id='word_1_205' title='bbox 766 2745 869 2815; x_wconf 90' lang='lat' dir='ltr'><strong>aperta</strong></span> <span class='ocrx_word' id='word_1_206' title='bbox 892 2744 963 2794; x_wconf 90' lang='lat' dir='ltr'><strong>sunt</strong></span> <span class='ocrx_word' id='word_1_207' title='bbox 986 2753 1019 2794; x_wconf 91' lang='lat' dir='ltr'><strong>ac</strong></span> <span class='ocrx_word' id='word_1_208' title='bbox 1041 2734 1189 2802; x_wconf 89' lang='lat' dir='ltr'><strong>dilucida,</strong></span> <span class='ocrx_word' id='word_1_209' title='bbox 1211 2745 1246 2794; x_wconf 93' lang='lat' dir='ltr'><strong>ut</strong></span> <span class='ocrx_word' id='word_1_210' title='bbox 1270 2736 1331 2794; x_wconf 88' lang='lat' dir='ltr'><strong>sola</strong></span> <span class='ocrx_word' id='word_1_211' title='bbox 1354 2754 1407 2814; x_wconf 90' lang='lat' dir='ltr'><strong>per</strong></span> 
     </span>
     <span class='ocr_line' id='line_1_25' title="bbox 267 2836 1406 2908; baseline 0.002 -12"><span class='ocrx_word' id='word_1_212' title='bbox 267 2853 299 2896; x_wconf 90' lang='lat' dir='ltr'><strong>se</strong></span> <span class='ocrx_word' id='word_1_213' title='bbox 331 2836 419 2898; x_wconf 80' lang='lat' dir='ltr'><strong>facile</strong></span> <span class='ocrx_word' id='word_1_214' title='bbox 446 2857 510 2897; x_wconf 90' lang='lat' dir='ltr'><strong>rem</strong></span> <span class='ocrx_word' id='word_1_215' title='bbox 538 2837 715 2908; x_wconf 85' lang='lat' dir='ltr'><strong>conficiant,</strong></span> <span class='ocrx_word' id='word_1_216' title='bbox 744 2848 775 2898; x_wconf 89' lang='lat' dir='ltr'><strong>et</strong></span> <span class='ocrx_word' id='word_1_217' title='bbox 803 2839 870 2898; x_wconf 87' lang='lat' dir='ltr'><strong>luce</strong></span> <span class='ocrx_word' id='word_1_218' title='bbox 900 2838 1010 2897; x_wconf 91' lang='lat' dir='ltr'><strong>clarius</strong></span> <span class='ocrx_word' id='word_1_219' title='bbox 1032 2836 1194 2898; x_wconf 87' lang='lat' dir='ltr'><strong>ostendant</strong></span> <span class='ocrx_word' id='word_1_220' title='bbox 1216 2837 1319 2908; x_wconf 90' lang='lat' dir='ltr'><strong>nobis,</strong></span> <span class='ocrx_word' id='word_1_221' title='bbox 1341 2857 1406 2898; x_wconf 88' lang='lat' dir='ltr'><strong>esse</strong></span> 
     </span>
     <span class='ocr_line' id='line_1_26' title="bbox 268 2940 1406 3022; baseline 0.001 -21"><span class='ocrx_word' id='word_1_222' title='bbox 268 2957 375 3002; x_wconf 89' lang='lat' dir='ltr'><strong>revera</strong></span> <span class='ocrx_word' id='word_1_223' title='bbox 404 2961 420 3001; x_wconf 87' lang='lat' dir='ltr'><strong>a</strong></span> <span class='ocrx_word' id='word_1_224' title='bbox 443 2941 567 3002; x_wconf 85' lang='lat' dir='ltr'><strong>Calvino</strong></span> <span class='ocrx_word' id='word_1_225' title='bbox 589 2941 695 3002; x_wconf 86' lang='lat' dir='ltr'><strong>fideles</strong></span> <span class='ocrx_word' id='word_1_226' title='bbox 718 2942 799 3003; x_wconf 90' lang='lat' dir='ltr'><strong>inter</strong></span> <span class='ocrx_word' id='word_1_227' title='bbox 820 2953 852 3002; x_wconf 92' lang='lat' dir='ltr'><strong>et</strong></span> <span class='ocrx_word' id='word_1_228' title='bbox 874 2940 1116 3002; x_wconf 88' lang='lat' dir='ltr'><strong>Ecclesiasticum</strong></span> <span class='ocrx_word' id='word_1_229' title='bbox 1138 2941 1275 3022; x_wconf 88' lang='lat' dir='ltr'><strong>regimen</strong></span> <span class='ocrx_word' id='word_1_230' title='bbox 1305 2943 1406 3002; x_wconf 75' lang='lat' dir='ltr'><strong>»ordi-</strong></span> 
     </span>
     <span class='ocr_line' id='line_1_27' title="bbox 265 3042 1406 3126; baseline 0.003 -22"><span class='ocrx_word' id='word_1_231' title='bbox 265 3042 330 3104; x_wconf 88' lang='lat' dir='ltr'><strong>nis”</strong></span> <span class='ocrx_word' id='word_1_232' title='bbox 355 3045 516 3107; x_wconf 88' lang='lat' dir='ltr'><strong>discrimen</strong></span> <span class='ocrx_word' id='word_1_233' title='bbox 539 3047 754 3126; x_wconf 86' lang='lat' dir='ltr'><strong>interpositum</strong></span> <span class='ocrx_word' id='word_1_234' title='bbox 766 3045 800 3124; x_wconf 71' lang='grc'><strong>6).</strong></span> <span class='ocrx_word' id='word_1_235' title='bbox 844 3045 918 3105; x_wconf 87' lang='lat' dir='ltr'><strong>Cum</strong></span> <span class='ocrx_word' id='word_1_236' title='bbox 937 3046 974 3106; x_wconf 94' lang='lat' dir='ltr'><strong>iis</strong></span> <span class='ocrx_word' id='word_1_237' title='bbox 997 3064 1134 3124; x_wconf 88' lang='lat' dir='ltr'><strong>quoque,</strong></span> <span class='ocrx_word' id='word_1_238' title='bbox 1156 3065 1233 3125; x_wconf 88' lang='lat' dir='ltr'><strong>quae</strong></span> <span class='ocrx_word' id='word_1_239' title='bbox 1256 3065 1346 3126; x_wconf 89' lang='lat' dir='ltr'><strong>supra</strong></span> <span class='ocrx_word' id='word_1_240' title='bbox 1368 3047 1406 3107; x_wconf 92' lang='lat' dir='ltr'><strong>de</strong></span> 
     </span>
     <span class='ocr_line' id='line_1_28' title="bbox 268 3135 1405 3227; baseline 0.004 -21"><span class='ocrx_word' id='word_1_241' title='bbox 268 3135 421 3208; x_wconf 80' lang='lat' dir='ltr'><strong>Ecclesiae</strong></span> <span class='ocrx_word' id='word_1_242' title='bbox 455 3148 557 3209; x_wconf 90' lang='lat' dir='ltr'><strong>indole</strong></span> <span class='ocrx_word' id='word_1_243' title='bbox 588 3147 783 3227; x_wconf 84' lang='lat' dir='ltr'><strong>exposuimus</strong></span> <span class='ocrx_word' id='word_1_244' title='bbox 811 3147 934 3226; x_wconf 80' lang='lat' dir='ltr'><strong>egregie</strong></span> <span class='ocrx_word' id='word_1_245' title='bbox 963 3145 1037 3206; x_wconf 90' lang='lat' dir='ltr'><strong>haee</strong></span> <span class='ocrx_word' id='word_1_246' title='bbox 1063 3147 1222 3224; x_wconf 89' lang='lat' dir='ltr'><strong>quadrant.</strong></span> <span class='ocrx_word' id='word_1_247' title='bbox 1266 3147 1296 3208; x_wconf 79' lang='lat' dir='ltr'><strong>st</strong></span> <span class='ocrx_word' id='word_1_248' title='bbox 1326 3149 1405 3210; x_wconf 90' lang='lat' dir='ltr'><strong>enim</strong></span> 
     </span>
     <span class='ocr_line' id='line_1_29' title="bbox 216 3245 1407 3333; baseline 0.004 -25"><span class='ocrx_word' id='word_1_249' title='bbox 216 3302 218 3308; x_wconf 91' lang='lat'>.</span> <span class='ocrx_word' id='word_1_250' title='bbox 269 3245 401 3310; x_wconf 85' lang='lat' dir='ltr'><strong>Ecclesia</strong></span> <span class='ocrx_word' id='word_1_251' title='bbox 432 3253 607 3312; x_wconf 88' lang='lat' dir='ltr'><strong>institutum</strong></span> <span class='ocrx_word' id='word_1_252' title='bbox 636 3251 767 3311; x_wconf 88' lang='lat' dir='ltr'><strong>habetur</strong></span> <span class='ocrx_word' id='word_1_253' title='bbox 794 3250 975 3319; x_wconf 89' lang='lat' dir='ltr'><strong>doctrinale,</strong></span> <span class='ocrx_word' id='word_1_254' title='bbox 1005 3251 1142 3328; x_wconf 90' lang='lat' dir='ltr'><strong>sequitur</strong></span> <span class='ocrx_word' id='word_1_255' title='bbox 1172 3251 1301 3313; x_wconf 88' lang='lat' dir='ltr'><strong>similem</strong></span> <span class='ocrx_word' id='word_1_256' title='bbox 1330 3254 1407 3333; x_wconf 89' lang='lat' dir='ltr'><strong>regi·</strong></span> 
     </span>
     <span class='ocr_line' id='line_1_30' title="bbox 270 3349 1407 3436; baseline 0.005 -24"><span class='ocrx_word' id='word_1_257' title='bbox 270 3349 344 3412; x_wconf 90' lang='lat' dir='ltr'><strong>ruini</strong></span> <span class='ocrx_word' id='word_1_258' title='bbox 368 3351 609 3422; x_wconf 86' lang='lat' dir='ltr'><strong>Ecclesiaecum</strong></span> <span class='ocrx_word' id='word_1_259' title='bbox 632 3355 704 3434; x_wconf 90' lang='lat' dir='ltr'><strong>ipsis</strong></span> <span class='ocrx_word' id='word_1_260' title='bbox 723 3352 865 3413; x_wconf 85' lang='lat' dir='ltr'><strong>fidelibus</strong></span> <span class='ocrx_word' id='word_1_261' title='bbox 883 3353 1073 3416; x_wconf 88' lang='lat' dir='ltr'><strong>intercedere</strong></span> <span class='ocrx_word' id='word_1_262' title='bbox 1092 3355 1287 3426; x_wconf 84' lang='lat' dir='ltr'><strong>relationem,</strong></span> <span class='ocrx_word' id='word_1_263' title='bbox 1310 3358 1407 3436; x_wconf 90' lang='lat' dir='ltr'><strong>qualis</strong></span> 
     </span>
     <span class='ocr_line' id='line_1_31' title="bbox 270 3456 1406 3542; baseline 0.004 -26"><span class='ocrx_word' id='word_1_264' title='bbox 270 3456 303 3516; x_wconf 94' lang='lat' dir='ltr'><strong>in</strong></span> <span class='ocrx_word' id='word_1_265' title='bbox 325 3458 404 3518; x_wconf 89' lang='lat' dir='ltr'><strong>scola</strong></span> <span class='ocrx_word' id='word_1_266' title='bbox 426 3458 464 3518; x_wconf 88' lang='lat' dir='ltr'><strong>ab</strong></span> <span class='ocrx_word' id='word_1_267' title='bbox 486 3477 537 3528; x_wconf 93' lang='lat' dir='ltr'><strong>eo,</strong></span> <span class='ocrx_word' id='word_1_268' title='bbox 560 3458 611 3542; x_wconf 80' lang='lat' dir='ltr'><strong>qui</strong></span> <span class='ocrx_word' id='word_1_269' title='bbox 634 3457 739 3526; x_wconf 88' lang='lat' dir='ltr'><strong>docet,</strong></span> <span class='ocrx_word' id='word_1_270' title='bbox 762 3476 831 3516; x_wconf 82' lang='lat' dir='ltr'><strong>eunt</strong></span> <span class='ocrx_word' id='word_1_271' title='bbox 854 3457 1031 3537; x_wconf 83' lang='lat' dir='ltr'><strong>distinguit,</strong></span> <span class='ocrx_word' id='word_1_272' title='bbox 1053 3459 1104 3536; x_wconf 92' lang='lat' dir='ltr'><strong>qui</strong></span> <span class='ocrx_word' id='word_1_273' title='bbox 1124 3459 1265 3529; x_wconf 90' lang='lat' dir='ltr'><strong>docetur;</strong></span> <span class='ocrx_word' id='word_1_274' title='bbox 1288 3469 1323 3522; x_wconf 90' lang='lat' dir='ltr'><strong>ut</strong></span> <span class='ocrx_word' id='word_1_275' title='bbox 1341 3481 1406 3520; x_wconf 87' lang='lat' dir='ltr'><strong>ver·</strong></span> 
     </span>
     <span class='ocr_line' id='line_1_32' title="bbox 272 3557 1406 3640; baseline 0.006 -22"><span class='ocrx_word' id='word_1_276' title='bbox 272 3558 313 3618; x_wconf 91' lang='lat' dir='ltr'><strong>bo</strong></span> <span class='ocrx_word' id='word_1_277' title='bbox 334 3557 450 3629; x_wconf 84' lang='lat' dir='ltr'><strong>dicam,</strong></span> <span class='ocrx_word' id='word_1_278' title='bbox 468 3562 564 3640; x_wconf 88' lang='lat' dir='ltr'><strong>qualis</strong></span> <span class='ocrx_word' id='word_1_279' title='bbox 585 3559 709 3620; x_wconf 84' lang='lat' dir='ltr'><strong>doctoris</strong></span> <span class='ocrx_word' id='word_1_280' title='bbox 730 3569 777 3620; x_wconf 88' lang='lat' dir='ltr'><strong>est</strong></span> <span class='ocrx_word' id='word_1_281' title='bbox 800 3559 838 3620; x_wconf 92' lang='lat' dir='ltr'><strong>ad</strong></span> <span class='ocrx_word' id='word_1_282' title='bbox 859 3559 1015 3638; x_wconf 86' lang='lat' dir='ltr'><strong>discipulos</strong></span> <span class='ocrx_word' id='word_1_283' title='bbox 1035 3579 1103 3620; x_wconf 90' lang='lat' dir='ltr'><strong>suos</strong></span> <span class='ocrx_word' id='word_1_284' title='bbox 1125 3563 1240 3622; x_wconf 82' lang='lat' dir='ltr'><strong>relatio.</strong></span> <span class='ocrx_word' id='word_1_285' title='bbox 1284 3563 1406 3626; x_wconf 88' lang='lat' dir='ltr'><strong>Praesto</strong></span> 
     </span>
     <span class='ocr_line' id='line_1_33' title="bbox 272 3660 1405 3742; baseline 0.004 -20"><span class='ocrx_word' id='word_1_286' title='bbox 272 3663 466 3742; x_wconf 15' lang='lat' dir='ltr'><strong>suntyipsius</strong></span> <span class='ocrx_word' id='word_1_287' title='bbox 495 3661 609 3723; x_wconf 80' lang='lat' dir='ltr'><strong>Caluini</strong></span> <span class='ocrx_word' id='word_1_288' title='bbox 640 3660 747 3728; x_wconf 87' lang='lat' dir='ltr'><strong>verba,</strong></span> <span class='ocrx_word' id='word_1_289' title='bbox 777 3680 853 3740; x_wconf 90' lang='lat' dir='ltr'><strong>quac</strong></span> <span class='ocrx_word' id='word_1_290' title='bbox 882 3663 1035 3740; x_wconf 88' lang='lat' dir='ltr'><strong>praeclare</strong></span> <span class='ocrx_word' id='word_1_291' title='bbox 1061 3665 1242 3725; x_wconf 88' lang='lat' dir='ltr'><strong>sententiam</strong></span> <span class='ocrx_word' id='word_1_292' title='bbox 1272 3677 1405 3727; x_wconf 85' lang='lat' dir='ltr'><strong>nostram</strong></span> 
     </span>
     <span class='ocr_line' id='line_1_34' title="bbox 273 3763 1407 3849; baseline 0.004 -23"><span class='ocrx_word' id='word_1_293' title='bbox 273 3765 469 3834; x_wconf 85' lang='lat' dir='ltr'><strong>confirmant,</strong></span> <span class='ocrx_word' id='word_1_294' title='bbox 498 3765 550 3824; x_wconf 93' lang='lat' dir='ltr'><strong>ubi</strong></span> <span class='ocrx_word' id='word_1_295' title='bbox 578 3765 666 3824; x_wconf 89' lang='lat' dir='ltr'><strong>dicit:</strong></span> <span class='ocrx_word' id='word_1_296' title='bbox 709 3763 816 3826; x_wconf 76' lang='lat' dir='ltr'><strong>»Unus</strong></span> <span class='ocrx_word' id='word_1_297' title='bbox 845 3765 1042 3825; x_wconf 88' lang='lat' dir='ltr'><strong>constituitur</strong></span> <span class='ocrx_word' id='word_1_298' title='bbox 1069 3777 1186 3846; x_wconf 87' lang='lat' dir='ltr'><strong>pastor,</strong></span> <span class='ocrx_word' id='word_1_299' title='bbox 1212 3768 1262 3848; x_wconf 86' lang='lat' dir='ltr'><strong>qni</strong></span> <span class='ocrx_word' id='word_1_300' title='bbox 1282 3769 1407 3849; x_wconf 78' lang='lat' dir='ltr'><strong>reliquos</strong></span> 
     </span>
     <span class='ocr_line' id='line_1_35' title="bbox 274 3865 1405 3948; baseline 0.004 -20"><span class='ocrx_word' id='word_1_301' title='bbox 274 3865 413 3944; x_wconf 57' lang='lat' dir='ltr'><strong>»cloccum</strong></span> <span class='ocrx_word' id='word_1_302' title='bbox 435 3868 484 3948; x_wconf 85' lang='lat' dir='ltr'><strong>qni</strong></span> <span class='ocrx_word' id='word_1_303' title='bbox 504 3887 568 3928; x_wconf 88' lang='lat' dir='ltr'><strong>cero</strong></span> <span class='ocrx_word' id='word_1_304' title='bbox 590 3867 727 3946; x_wconf 84' lang='lat' dir='ltr'><strong>discipuli</strong></span> <span class='ocrx_word' id='word_1_305' title='bbox 749 3887 808 3928; x_wconf 88' lang='lat' dir='ltr'><strong>esse</strong></span> <span class='ocrx_word' id='word_1_306' title='bbox 828 3867 976 3938; x_wconf 86' lang='lat' dir='ltr'><strong>iubentur,</strong></span> <span class='ocrx_word' id='word_1_307' title='bbox 998 3887 1188 3931; x_wconf 89' lang='lat' dir='ltr'><strong>communem</strong></span> <span class='ocrx_word' id='word_1_308' title='bbox 1211 3891 1248 3932; x_wconf 88' lang='lat' dir='ltr'><strong>ex</strong></span> <span class='ocrx_word' id='word_1_309' title='bbox 1271 3891 1331 3932; x_wconf 89' lang='lat' dir='ltr'><strong>uno</strong></span> <span class='ocrx_word' id='word_1_310' title='bbox 1354 3892 1405 3933; x_wconf 89' lang='lat' dir='ltr'><strong>ore</strong></span> 
     </span>
     <span class='ocr_line' id='line_1_36' title="bbox 273 3969 1406 4056; baseline 0.005 -24"><span class='ocrx_word' id='word_1_311' title='bbox 273 3972 463 4033; x_wconf 77' lang='lat' dir='ltr'><strong>»doctrinam</strong></span> <span class='ocrx_word' id='word_1_312' title='bbox 485 3973 635 4054; x_wconf 83' lang='lat' dir='ltr'><strong>excipiant</strong></span> <span class='ocrx_word' id='word_1_313' title='bbox 647 3971 696 4052; x_wconf 85' lang='lat'><strong>⁷).&#39;’</strong></span> <span class='ocrx_word' id='word_1_314' title='bbox 735 3969 868 4032; x_wconf 89' lang='lat' dir='ltr'><strong>Eandem</strong></span> <span class='ocrx_word' id='word_1_315' title='bbox 890 3991 1011 4051; x_wconf 91' lang='lat' dir='ltr'><strong>quoque</strong></span> <span class='ocrx_word' id='word_1_316' title='bbox 1037 3974 1218 4034; x_wconf 87' lang='lat' dir='ltr'><strong>sententiam</strong></span> <span class='ocrx_word' id='word_1_317' title='bbox 1238 3977 1406 4056; x_wconf 77' lang='lat' dir='ltr'><strong>colligimus</strong></span> 
     </span>
     <span class='ocr_line' id='line_1_37' title="bbox 272 4074 1405 4159; baseline 0.003 -22"><span class='ocrx_word' id='word_1_318' title='bbox 272 4077 376 4137; x_wconf 88' lang='lat' dir='ltr'><strong>eloco</strong></span> <span class='ocrx_word' id='word_1_319' title='bbox 405 4077 560 4154; x_wconf 88' lang='lat' dir='ltr'><strong>sequenti,</strong></span> <span class='ocrx_word' id='word_1_320' title='bbox 589 4075 641 4135; x_wconf 94' lang='lat' dir='ltr'><strong>ubi</strong></span> <span class='ocrx_word' id='word_1_321' title='bbox 671 4075 773 4136; x_wconf 87' lang='lat' dir='ltr'><strong>dedita</strong></span> <span class='ocrx_word' id='word_1_322' title='bbox 796 4093 885 4154; x_wconf 89' lang='lat' dir='ltr'><strong>opera</strong></span> <span class='ocrx_word' id='word_1_323' title='bbox 908 4074 997 4135; x_wconf 87' lang='lat' dir='ltr'><strong>docet</strong></span> <span class='ocrx_word' id='word_1_324' title='bbox 1019 4074 1124 4136; x_wconf 87' lang='lat' dir='ltr'><strong>fideles</strong></span> <span class='ocrx_word' id='word_1_325' title='bbox 1146 4075 1303 4148; x_wconf 84' lang='lat' dir='ltr'><strong>Calvinus,</strong></span> <span class='ocrx_word' id='word_1_326' title='bbox 1332 4081 1405 4159; x_wconf 91' lang='lat' dir='ltr'><strong>quid</strong></span> 
     </span>
    </p>
   </div>
   <div class='ocr_carea' id='block_1_3' title="bbox 242 4321 1260 4483">
    <p class='ocr_par' dir='ltr' id='par_1_3' title="bbox 242 4321 1260 4483">
     <span class='ocr_line' id='line_1_38' title="bbox 242 4321 1260 4402; baseline 0.012 -19"><span class='ocrx_word' id='word_1_327' title='bbox 242 4321 1260 4402; x_wconf 60' lang='lat' dir='ltr'><strong>‘nmmm.nmmm-nmmm</strong></span> 
     </span>
     <span class='ocr_line' id='line_1_39' title="bbox 312 4417 747 4483; baseline 0.002 -16"><span class='ocrx_word' id='word_1_328' title='bbox 312 4420 332 4483; x_wconf 76' lang='grc'><strong>4)</strong></span> <span class='ocrx_word' id='word_1_329' title='bbox 351 4419 411 4470; x_wconf 63' lang='grc' dir='ltr'><strong>[ιιι.</strong></span> <span class='ocrx_word' id='word_1_330' title='bbox 428 4417 471 4468; x_wconf 79' lang='lat' dir='ltr'><strong>rr.</strong></span> <span class='ocrx_word' id='word_1_331' title='bbox 490 4419 513 4466; x_wconf 90' lang='lat'><strong>1.</strong></span> <span class='ocrx_word' id='word_1_332' title='bbox 532 4419 554 4467; x_wconf 80' lang='lat' dir='ltr'><strong>e.</strong></span> <span class='ocrx_word' id='word_1_333' title='bbox 673 4419 692 4480; x_wconf 78' lang='grc'><strong>5)</strong></span> <span class='ocrx_word' id='word_1_334' title='bbox 711 4418 747 4468; x_wconf 84' lang='lat' dir='ltr'><strong>n.</strong></span> 
     </span>
    </p>
   </div>
   <div class='ocr_carea' id='block_1_4' title="bbox 312 4499 1293 4576">
    <p class='ocr_par' dir='ltr' id='par_1_4' title="bbox 312 4499 1293 4576">
     <span class='ocr_line' id='line_1_40' title="bbox 312 4499 1293 4576; baseline 0.009 -28"><span class='ocrx_word' id='word_1_335' title='bbox 312 4502 332 4564; x_wconf 83' lang='lat'><strong>⁶)</strong></span> <span class='ocrx_word' id='word_1_336' title='bbox 351 4499 387 4550; x_wconf 81' lang='lat' dir='ltr'><strong>Ol.</strong></span> <span class='ocrx_word' id='word_1_337' title='bbox 405 4512 544 4549; x_wconf 74' lang='lat' dir='ltr'><strong>sensurae.</strong></span> <span class='ocrx_word' id='word_1_338' title='bbox 562 4515 583 4548; x_wconf 92' lang='lat' dir='ltr'><strong>o.</strong></span> <span class='ocrx_word' id='word_1_339' title='bbox 597 4499 614 4549; x_wconf 91' lang='lat'><strong>1.</strong></span> <span class='ocrx_word' id='word_1_340' title='bbox 633 4499 681 4548; x_wconf 89' lang='lat' dir='ltr'><strong>III.</strong></span> <span class='ocrx_word' id='word_1_341' title='bbox 699 4501 755 4550; x_wconf 83' lang='lat'>298.</span> <span class='ocrx_word' id='word_1_342' title='bbox 857 4499 877 4564; x_wconf 77' lang='lat'><strong>⁷)</strong></span> <span class='ocrx_word' id='word_1_343' title='bbox 897 4501 958 4552; x_wconf 82' lang='lat' dir='ltr'><strong>Icrl.</strong></span> <span class='ocrx_word' id='word_1_344' title='bbox 976 4501 1018 4576; x_wconf 84' lang='lat' dir='ltr'><strong>IV,</strong></span> <span class='ocrx_word' id='word_1_345' title='bbox 1037 4504 1060 4555; x_wconf 78' lang='lat'><strong>3.</strong></span> <span class='ocrx_word' id='word_1_346' title='bbox 1074 4504 1101 4564; x_wconf 85' lang='grc' dir='ltr'><strong>Ι1.</strong></span> <span class='ocrx_word' id='word_1_347' title='bbox 1119 4504 1148 4556; x_wconf 90' lang='lat' dir='ltr'><strong>cl.</strong></span> <span class='ocrx_word' id='word_1_348' title='bbox 1166 4503 1209 4556; x_wconf 81' lang='lat' dir='ltr'><strong>tv.</strong></span> <span class='ocrx_word' id='word_1_349' title='bbox 1228 4507 1251 4558; x_wconf 93' lang='lat' dir='ltr'><strong>l.</strong></span> <span class='ocrx_word' id='word_1_350' title='bbox 1269 4509 1293 4558; x_wconf 86' lang='lat'><strong>4.</strong></span> 
     </span>
    </p>
   </div>
   <div class='ocr_carea' id='block_1_5' title="bbox 0 0 1618 5102">
    <p class='ocr_par' dir='ltr' id='par_1_5' title="bbox 0 0 1618 5102">
     <span class='ocr_line' id='line_1_41' title="bbox 0 0 1618 5102; baseline 0 0"><span class='ocrx_word' id='word_1_351' title='bbox 0 0 1618 5102; x_wconf 95' lang='lat' dir='ltr'><strong> </strong></span> 
     </span>
    </p>
   </div>
  </div>
 </body>
</html>
