3228 5102
285 295 314 340 vl

285 479 483 540 necessitates
522 487 555 538 et
593 478 738 559 temporis
775 479 903 542 rationis
937 479 1068 560 impetus
1106 477 1168 540 vim
1203 495 1288 540 suam
1322 479 1423 540 minus

284 599 426 642 exercere
464 581 564 644 solent
603 582 634 642 in
673 601 741 654 cos,
780 584 832 664 qui
871 603 887 644 a
921 601 1010 644 scena
1041 583 1220 644 remotiores
1251 582 1424 663 expeditius

284 685 417 747 indolem
456 704 541 747 suam
580 685 730 766 explicare
770 697 903 768 possunt.
957 685 1019 747 Hac
1058 687 1106 748 via
1145 704 1200 746 nos
1236 704 1356 766 quoque
1391 688 1423 747 in

285 790 416 868 genuina
455 788 698 852 Prolestantismi
752 790 790 851 de
830 789 962 852 Ecclesia
1003 791 1154 852 sententia
1191 791 1423 871 pervestiganda

283 893 449 974 progressi,
477 895 620 974 quoniam
649 895 730 956 inter
758 893 982 956 Reformatores
1011 912 1100 954 nemo
1127 893 1201 963 suit,
1231 893 1283 974 qui
1308 896 1423 975 privam

283 993 526 1058 Proleslanlisnri
554 998 586 1058 in
612 997 763 1058 Ecclesiae
785 999 908 1059 notione
930 997 1141 1058 constituenda
1163 995 1296 1056 indolem
1317 998 1425 1058 melius

282 1099 412 1171 reserat,
433 1119 522 1180 quam
544 1101 561 1160 'a
584 1097 693 1168 lesco,
714 1117 804 1160 nemo
822 1109 927 1161 contra
946 1099 984 1160 ad
1003 1097 1154 1159 Romanae
1173 1095 1325 1182 Ecclesiae
1343 1102 1424 1181 prin·

282 1203 358 1282 cipia
387 1203 510 1267 Calvino
539 1205 662 1286 propius
683 1203 827 1274 redieris,
847 1204 885 1264 de
907 1203 1056 1265 industria
1078 1201 1194 1264 Calvini
1216 1201 1362 1283 Lascique
1385 1204 1422 1265 de

281 1304 413 1368 Ecclesia
436 1310 604 1370 sententias
625 1310 707 1370 inter
728 1327 793 1370 sese
815 1327 995 1389 componere
1017 1309 1117 1369 conati
1138 1325 1250 1368 sumus.

323 1407 403 1471 llaec
434 1413 498 1474 lere
524 1423 612 1484 sunt,
641 1432 718 1493 quac
744 1413 782 1474 de
811 1414 937 1474 consilio
966 1422 1086 1482 nostro,
1114 1412 1213 1492 deque
1236 1413 1421 1493 argumenti,

281 1513 362 1591 quod
391 1525 570 1586 tractamus,
598 1526 752 1577 momento
779 1517 1001 1596 praemonenda
1022 1526 1118 1578 crant.
1161 1514 1240 1585 Quid
1262 1517 1422 1596 proieceri-

279 1635 347 1678 arus
368 1619 456 1699 aequi
478 1619 647 1682 diiudicent
666 1639 700 1680 ae
721 1619 860 1683 benevoli
879 1621 1008 1682 lectores
1019 1621 1050 1701 ⁹).

309 1929 492 1996 ⁹)Nuperrime
509 1929 536 1980 in
559 1929 636 1980 lucem
654 1945 715 1980 nova
736 1929 830 1980 calvini
850 1929 942 1996 prodiit
960 1928 1116 1994 Biograplria:
1154 1930 1250 1991 Calain,
1271 1946 1300 1980 ea
1320 1931 1358 1981 oie
1375 1947 1418 1982 sors

279 2028 369 2064 ocum
393 2017 417 2062 el
439 2030 477 2064 ees
494 2011 566 2063 ciariis
585 2028 628 2078 par
650 2014 890 2065 rimxaorrsarse.
909 2012 1083 2072 Paris.1862;
1106 2027 1166 2077 quae
1185 2015 1265 2061 umen
1287 2013 1351 2074 nihil
1373 2029 1421 2064 om·

279 2095 351 2156 nino,
369 2095 431 2160 quod
452 2094 534 2156 doleo,
551 2093 620 2144 nobis
641 2095 752 2158 prodesse
773 2095 867 2162 potuit,
884 2095 996 2160 quoniam
1016 2093 1093 2144 omnis
1114 2094 1163 2144 iem
1182 2093 1320 2160 disquisitio
1340 2099 1419 2147 nostra

280 2176 348 2241 prelo
368 2175 486 2226 submissa
502 2179 561 2227 erat.
