3240 5100
818 267 878 332 tto

281 467 428 548 quaedam
460 467 587 548 vestigia
619 467 824 548 deprehendi,
856 467 926 538 ubi,
958 467 1032 548 quid
1060 467 1098 531 de
1126 468 1254 537 hiatarta
1283 469 1418 540 Ecclesia

281 571 449 640 censuerit,
470 571 599 662 edoceri
609 573 765 651 possimus.
808 571 866 640 Ubi
881 581 982 637 tameo
1002 572 1103 652 attigit
1120 591 1204 644 earu,
1219 574 1317 642 simila
1335 593 1417 655 pros·

282 693 332 742 sus
354 675 433 754 apud
455 673 583 741 Luscum
604 693 725 755 quoque
742 677 948 755 spectaculum
964 675 1128 740 exhibetur
1142 688 1307 758 perpetuae
1326 688 1418 758 atqua

282 779 488 845 internecivas
527 779 744 850 dimicationis,
783 799 874 859 quam
911 799 978 843 cum
1017 779 1081 846 ilco
1112 783 1257 849 sustinuit
1289 793 1417 852 satanas.

283 881 381 952 Quum
408 884 503 962 igitur
524 902 779 964 supervacaneum
802 884 965 947 videbatur
987 884 1032 948 bis
1054 885 1159 948 eadem
1182 875 1336 965 repetere,
1366 905 1418 966 po·

282 987 343 1047 tius
369 985 530 1048 habuimus
563 989 595 1047 in
622 989 759 1068 margine
781 989 958 1068 praecipuos
980 1000 1126 1056 annelare
1148 991 1245 1060 locos.
1273 991 1325 1051 ubi
1347 989 1417 1056 Las·

282 1109 351 1150 cum
373 1091 405 1150 in
427 1090 554 1152 historia
574 1090 725 1154 Ecclesiae
744 1093 843 1154 obiter
860 1094 1039 1174 exponenda
1057 1073 1313 1176 deprehendimus
1333 1113 1418 1158 oocu-

284 1203 387 1273 patum
401 1193 443 1274 ¹²).
1119 1217 1120 1220 ¹

769 1411 952 1426 -......,.,.........

719 1606 897 1682 octor
929 1609 986 1683 II.

671 1799 708 1840 ΒΕ
729 1799 888 1842 contestato
910 1798 1045 1843 hortona.

333 2150 355 2234 0
376 2153 403 2211 l.
456 2152 617 2231 Quotcplicc'
637 2170 722 2214 seusu
743 2151 892 2214 Ecclesiae
912 2151 1078 2214 cmcbclcm
1099 2153 1136 2214 cb
1158 2172 1189 2214 co
1209 2161 1372 2234 usurpetur.

327 2335 558 2400 Distincticncm
593 2336 733 2401 viabilem
768 2337 932 2401 Ecclesiam
965 2338 1046 2406 inter
1078 2349 1168 2418 atquc
1200 2338 1373 2406 icmsihileaa
1403 2358 1421 2402 a

286 2436 373 2502 Lasci
385 2437 599 2520 Ecclesiologia
611 2457 734 2518 prorsus
746 2440 874 2502 alienam
885 2457 967 2508 esse,
978 2451 1010 2499 ct
1021 2441 1145 2508 nullibi,
1158 2452 1305 2520 quantum
1316 2443 1378 2506 scio
1387 2440 1421 2524 ¹),

286 2543 319 2604 iu
347 2541 466 2622 scriptis
494 2541 588 2620 ipsius
617 2541 663 2600 vel
690 2541 790 2608 obiter
810 2543 1055 2612 commemorari,
1084 2561 1164 2604 nuuc
1187 2543 1280 2606 verbo
1302 2553 1421 2612 tantum

286 2663 412 2713 moneo,
434 2645 511 2706 inira
530 2663 620 2723 quam
639 2643 863 2706 accuratissime
882 2643 914 2702 in
934 2662 1035 2703 veram
1054 2629 1244 2714 Lasei·daaa
1256 2667 1289 2707 re.
1301 2658 1421 2715 senten.

287 2748 582 2827 aiaminquisiturus.
605 2745 1421 2831 Nectaracosemperetubiquelacorumaadcmplsae

287 2851 507 2932 significatione
526 2852 591 2912 sine
611 2851 826 2930 alioquolibet
845 2851 1018 2913 discrimine
1031 2849 1180 2922 Ecclesiae
1195 2855 1422 2922 vocabulumab

288 2975 325 3017 ec
345 2965 516 3036 usurpatur.
553 2954 669 3016 Poterit
691 2965 792 3016 autem
815 2957 967 3036 aptissime
986 2957 1067 3019 vocis
1085 2955 1235 3023 Ecclesiae
1254 2960 1334 3040 apud
1351 2978 1423 3024 eum

288 3078 361 3122 usus
378 3059 415 3123 ad
433 3060 662 3140 quadruplicem
679 3079 800 3125 sensum
819 3060 962 3122 revocari.
1005 3059 1043 3120 Et
1059 3070 1132 3120 tuae
1151 3063 1273 3141 quidem
1292 3065 1423 3143 primum

288 3163 438 3228 Ecclesiae
457 3162 635 3228 vocabulum
654 3163 771 3230 inditur
787 3164 950 3242 unicuique
981 3164 1119 3234 amasai,
1137 3167 1168 3227 in
1187 3167 1279 3228 saeris
1297 3169 1423 3236 aedibus

289 3269 437 3328 »collecto
449 3266 498 3348 ²).”
531 3265 669 3327 Secundo
685 3267 796 3328 deinde
808 3267 981 3346 saepissime
993 3267 1157 3328 adhibetur
1167 3269 1204 3330 ed
1218 3270 1423 3340 denotandam

288 3371 425 3432 fidelium
444 3371 728 3452 congregationem,
747 3371 798 3450 qui
814 3370 921 3430 eodem
939 3371 1109 3442 ministerio
1128 3383 1277 3453 reguntur
1289 3376 1319 3456 8).
1352 3374 1423 3436 'ler-

288 3475 332 3537 tio
354 3475 494 3556 designat
513 3473 755 3541 christianarum
777 3473 1017 3544 multitudinem,
1047 3493 1123 3554 quae
1146 3495 1201 3556 pro
1221 3478 1357 3544 locorum
1376 3479 1423 3540 di·

319 3773 350 3837 13)
371 3773 440 3840 Oonf.
450 3773 521 3840 fidei.
538 3790 562 3840 p.
579 3777 604 3823 4.
628 3775 760 3837 (usstass.
777 3791 801 3840 p.
821 3775 891 3836 235„
908 3777 994 3827 Forma
1010 3792 1040 3826 cc
1055 3779 1102 3828 rat.
1120 3775 1176 3826 min.
1193 3776 1268 3826 zona
1285 3777 1327 3841 Ep.
1345 3776 1423 3830 dedic.

289 3873 313 3922 p.
332 3857 355 3906 3.
373 3855 450 3920 operis
466 3871 489 3920 p.
509 3855 552 3915 84,
571 3855 632 3914 139,
651 3854 707 3916 007,
725 3856 785 3914 008,
804 3857 864 3917 131,
883 3858 944 3916 153,
963 3858 1022 3918 505,
1042 3857 1097 3906 503.
1118 3857 1169 3907 Oct.
1186 3856 1260 3906 lead.
1273 3859 1328 3908 mai.
1345 3874 1369 3923 p.
1382 3859 1423 3910 20.

290 3941 364 4006 Pcrp.
385 3936 440 3994 mic.
460 3937 572 4007 Frccacofi
589 3953 613 4004 p.
632 3937 672 3990 13.
689 3940 727 3988 Dc
746 3940 819 3990 masaa
836 3941 928 4006 papuli.
950 3956 974 4006 p.
992 3940 1032 3996 21.
1057 3940 1135 3990 dhaet.
1156 3939 1185 3992 aa
1206 3942 1310 3997 Sacram.
1328 3956 1352 4005 p.
1370 3943 1424 4004 18⁸,

291 4021 347 4082 71²,
365 4022 423 4081 ¹76⁸,
442 4021 509 4074 1230.
525 4021 569 4085 Ep·
586 4019 621 4073 cd
638 4013 708 4074 dea.
725 4020 769 4078 vl,
785 4020 818 4072 ib.
835 4037 858 4088 p.
876 4022 900 4074 2.
918 4023 962 4090 Ep.
979 4022 1015 4076 cd
1030 4023 1083 4072 aen.
1099 4022 1152 4072 Pol.
1175 4023 1233 4086 (Ser.
1251 4027 1301 4076 act.
1319 4022 1368 4081 Ill,
1387 4024 1422 4076 1⁸.

285 4119 308 4168 p.
326 4103 390 4164 103,
408 4103 465 4154 tce.

330 4183 350 4252 ι)
368 4183 405 4236 Se.
422 4183 448 4233 ia
468 4181 570 4240 libellis,
588 4197 647 4246 quoa
663 4181 768 4236 noudum
785 4183 889 4248 reperire
903 4185 984 4247 potui,
1002 4183 1128 4236 discrimen
1147 4185 1210 4236 illud
1229 4187 1317 4240 cuore
1333 4188 1426 4254 quaesi·

290 4269 344 4318 tam
361 4265 406 4329 iri,
423 4263 538 4316 affismare
558 4263 649 4323 ausim,
666 4279 710 4314 nee
729 4266 810 4318 temen
827 4267 892 4313 certo
910 4263 966 4316 scio.

330 4349 351 4414 2)
369 4349 454 4397 Formo
471 4361 501 4399 cc
516 4346 580 4396 ratio
599 4346 655 4396 mia.
672 4345 747 4396 Lond.
765 4363 789 4412 p.
807 4346 864 4402 300.
882 4345 919 4398 Oi.
935 4344 968 4396 it.
986 4347 1044 4408 307,
1062 4347 1125 4413 303,
1143 4347 1204 4407 310,
1226 4347 1283 4410 317,
1302 4348 1349 4400 321
1368 4365 1424 4415 pas·

291 4430 345 4484 siau.
367 4425 444 4480 Pacci.
461 4427 491 4477 de
508 4429 614 4480 damam,
631 4442 655 4496 p.
675 4428 743 4479 106³.
968 4433 972 4442 '

330 4512 351 4576 ³)
369 4511 455 4563 Forma
471 4527 501 4562 ce
516 4512 580 4562 ratio
597 4511 653 4562 mic.
669 4510 745 4561 Locd.
762 4525 786 4574 p.
805 4509 861 4559 538.
