3240 5100
732 302 787 364 tot

192 517 241 560 res
263 501 411 580 colloquia
433 503 564 582 expetit,
592 511 627 563 ut
649 521 687 564 ex
708 502 802 564 verbo
825 499 878 563 Dei
901 510 954 576 aut
976 500 1032 560 sibi
1054 500 1183 560 invicem
1205 515 1326 579 persua-

192 603 299 674 deant,
328 614 380 665 aut
409 605 460 666 alii
489 606 527 666 ab
555 607 622 667 aliis
651 606 707 666 sibi
740 605 915 688 persuaderi
944 604 1105 685 patiantur.
1142 601 1326 672 ·»Quaecun-
1391 632 1394 637 ·

193 713 287 786 que‚’'
311 709 427 788 inquit,
449 711 526 770 »sint
548 711 630 770 inter
650 728 706 770 nos
728 709 868 780 dissidia,
890 728 925 770 ea
947 708 1164 789 scripturarum
1182 723 1325 770 censurae

192 811 389 874 »subiieimus
416 815 531 892 omnim
560 802 592 874 ct
620 817 750 896 petimus
771 816 888 896 piorum
911 815 975 874 sine
996 811 1170 873 discrimine
1192 809 1325 872 omnium

136 898 139 904 ¹
192 915 366 988 »modesta
389 918 485 978 libera
507 927 598 998 atque
621 917 791 980 Christiana
812 917 961 997 colloquia
975 915 1043 996 ¹⁰).’'

510 1081 531 1163 5
553 1083 580 1142 5.
622 1080 822 1143 Ministrorum
843 1080 1008 1141 auctoritas.

232 1225 274 1288 lle
296 1229 461 1308 composito
483 1231 598 1291 utimur
617 1231 763 1292 vocabulo
785 1230 997 1292 »auctoritatis
1006 1228 1030 1296 ,”
1052 1226 1122 1306 quia
1145 1221 1327 1304 »potestati'

190 1329 337 1392 ministris
359 1351 516 1394 concessae
539 1335 658 1414 proprie
680 1335 722 1395 sie
740 1335 839 1396 dictae
858 1335 889 1394 in
907 1333 993 1394 Lasei
1012 1329 1145 1392 Ecclesia
1163 1330 1247 1390 loeus
1265 1344 1326 1388 nou

191 1433 288 1495 datur.
332 1433 381 1496 Sic
400 1455 464 1496 uc.
490 1438 646 1498 classicum
675 1438 738 1498 fere
765 1439 803 1498 de
826 1439 981 1518 regiminis
1004 1434 1154 1495 Ecclesiae
1177 1439 1326 1513 potestate

190 1536 305 1606 locum,
334 1539 371 1598 ad
401 1541 495 1619 ipsam
523 1538 702 1610 Ecclesiam,
731 1561 791 1602 non
821 1553 923 1601 autem
952 1541 989 1600 ad
1011 1536 1212 1599 ministerium
1234 1533 1328 1614 ipsius

191 1639 300 1708 refert,
330 1641 381 1701 ubi
410 1642 441 1701 in
464 1643 525 1702 Cat.
548 1641 642 1704 lond.
665 1645 809 1704 solemnia
832 1643 944 1704 Christi
966 1643 1004 1703 de
1026 1642 1155 1702 clarium
1177 1645 1327 1718 potestate

191 1743 282 1803 verba
312 1745 343 1804 in
372 1744 453 1805 laune
482 1747 604 1806 modum
634 1749 863 1828 interpretatur:
898 1747 972 1808 »Iek
1001 1745 1150 1826 ghelooue
1177 1741 1255 1803 ende
1280 1757 1326 1799 cr·

192 1847 329 1917 alienae,
362 1849 415 1910 dat
447 1851 478 1910 in
511 1852 548 1911 de
577 1851 722 1932 heylighe
751 1852 935 1933 glremeynte
965 1852 989 1912 is
1018 1869 1114 1912 ecncn
1144 1843 1326 1924 eeuwighen

192 1949 304 2010 »alluat
332 1953 410 2013 ende
437 1955 658 2035 versocninghe
681 1957 735 2016 der
757 1957 868 2025 zonde,
891 1955 976 2016 sodat
999 1955 1036 2015 de
1059 1953 1157 2014 Heere
1178 1965 1326 2010 nemmer·

191 2072 297 2114 »meer
324 2067 386 2116 met
415 2057 489 2118 haer
517 2060 548 2118 in
577 2059 599 2118 ’t
620 2059 756 2139 gerichte
779 2060 886 2121 treden
910 2061 953 2119 sal
976 2078 1023 2119 om
1045 2057 1119 2117 hare
1135 2055 1258 2116 ¹sondcn
1280 2059 1326 2111 tot

192 2159 456 2219 »verdoemenisse
487 2169 535 2220 toe
558 2171 588 2220 tc
611 2161 746 2221 selenen
759 2161 807 2242 ¹).'’
848 2159 931 2220 Nihil
960 2168 1117 2238 praeterea
1139 2157 1171 2216 in
1193 2153 1325 2214 Ecclesia

141 2297 143 2302 ·
191 2263 248 2322 nisi
271 2261 421 2325 Ecclesiae
451 2266 574 2324 nornine
604 2275 694 2325 etex
716 2264 866 2325 Ecclesiae
889 2265 977 2324 simul
999 2263 1182 2324 auctoritate
1204 2259 1253 2338 agi
1275 2258 1326 2324 de

190 2365 259 2434 laet,
287 2367 409 2446 ncsoli
437 2367 568 2426 ministri
598 2368 692 2428 totius
721 2365 872 2426 Ecclesiae
900 2367 965 2425 iura
996 2365 1053 2424 sibi
1075 2370 1235 2442 arrogent,
1256 2377 1325 2418 nam

191 2468 383 2528 »istiusmodi
405 2469 620 2548 gubernandae
643 2469 794 2530 Ecclesiae
816 2470 894 2529 ratio
923 2477 1037 2548 pugnat
1059 2485 1127 2526 cum
1150 2463 1261 2524 Christi
1284 2462 1327 2541 ip·

191 2572 275 2630 »sius
297 2573 421 2650 eiusque
445 2574 648 2651 apostolorum
665 2573 803 2634 doctrina
821 2584 911 2652 atque
931 2571 1141 2632 observatione
1153 2566 1205 2647 ²).”
1238 2563 1325 2634 Quic-

190 2674 263 2752 quid
295 2675 390 2752 igitur
422 2673 572 2736 Ecclesiae
604 2677 808 2736 ministerium
840 2687 909 2756 agat
938 2676 994 2754 ipsi
1025 2673 1176 2733 Ecclesiae
1204 2667 1325 2750 probari

191 2777 297 2846 dehet,
330 2796 420 2837 »narn
444 2790 514 2838 sunt
536 2789 567 2838 et
589 2780 632 2838 illi
654 2779 807 2847 homines,
836 2780 886 2856 qui
916 2789 946 2838 et
976 2778 1038 2837 salli
1068 2784 1193 2854 possunt
1219 2782 1249 2832 et
1272 2771 1325 2830 lal-

192 2905 204 2932 »
213 2881 293 2950 lere,
316 2893 350 2941 ut
373 2883 472 2942 omnia
494 2901 565 2942 sane
588 2883 708 2942 illorum
732 2882 851 2961 probari
870 2881 1096 2958 examinarique
1115 2873 1323 2958 oporteat³),'’

191 2985 272 3044 salva
295 2994 395 3045 tamen
420 2983 471 3045 llei
495 2987 587 3065 ipsius
609 2985 692 3046 verbi
716 2987 895 3046 auctoritate
911 2986 940 3065 ⁴).
984 2983 1066 3054 Quae
1089 2983 1137 3043 vel
1159 2982 1200 3041 sic
1222 2989 1324 3038 tamen

190 3087 359 3148 ministerio
381 3091 543 3149 auctoritas
564 3089 742 3150 conceditur
763 3099 902 3150 versatur
924 3089 1002 3148 circa
1024 3085 1191 3147 doctrinam
1214 3081 1324 3142 consti-

192 3191 352 3261 tuendam,
379 3193 427 3252 vel
456 3194 638 3272 conspicitur
666 3193 757 3252 ctiam
787 3194 817 3252 in
843 3185 962 3271 legibus¹
983 3190 1117 3252 serendis
1138 3199 1169 3248 ct
1191 3188 1257 3246 iure
1279 3185 1322 3244 di·

191 3295 299 3355 cunda.
322 3315 346 3356 a.
371 3295 454 3356 Circo
473 3296 640 3356 doctrinam.
686 3295 881 3376 Summopere
905 3297 941 3356 ad
965 3294 1124 3354 Ecclesiam
1150 3291 1260 3358 relert,
1289 3298 1323 3348 ut

192 3417 296 3460 ornnes
315 3399 380 3459 eius
398 3401 470 3460 socii
490 3401 660 3460 unanimem
677 3399 799 3460 foveant
813 3400 968 3460 doctrinae
984 3415 1163 3458 consensum
1175 3395 1212 3472 ⁵),
1230 3390 1323 3470 (quod

193 3513 292 3562 tamen
325 3503 379 3562 »in
401 3504 437 3562 iis
458 3503 606 3564 duntaxat
628 3505 722 3572 valet,
744 3523 821 3582 quae
843 3521 897 3562 nos
919 3521 955 3562 ex
978 3521 1010 3562 se
1032 3519 1131 3579 neque
1153 3496 1323 3576 digniores,

191 3623 313 3684 »neque
335 3605 522 3686 indigniores
544 3626 645 3687 coram
666 3605 728 3666 Deo
749 3607 847 3666 iacere
870 3607 985 3685 possint
1003 3604 1055 3680 ⁰).''
1089 3602 1203 3662 Idcirco
1225 3598 1323 3658 Eccle-

191 3709 252 3768 siae
274 3709 422 3770 ministris
443 3711 619 3770 mandatum
640 3721 686 3770 cst
707 3709 853 3777 cilicium,
882 3721 916 3768 ut
938 3726 1084 3768 summam
1105 3707 1143 3767 de
1166 3703 1322 3766 doctrinae

191 3812 319 3872 veritate
345 3813 508 3893 suscipiant
537 3814 787 3882 sollicitudinem,
816 3831 941 3891 eamque
971 3821 1108 3872 amanter
1133 3819 1164 3868 et
1192 3807 1324 3868 fideliler

191 3913 278 3973 sociis
297 3913 446 3977 Ecclesiae
470 3917 590 3977 tradant
602 3916 643 3998 ⁷),
664 3917 827 3978 dummodo
856 3917 909 3976 nin
926 3915 1006 3976 omni
1024 3933 1077 3974 sua
1100 3911 1322 3992 praedicatione

200 4063 493 4075 *—

220 4147 251 4210 1⁰)
270 4147 306 4199 Ci.
323 4147 355 4198 ib.
375 4147 416 4210 (ib.
434 4164 458 4212 p.
476 4149 551 4210 109).

231 4230 251 4293 ¹)
273 4232 323 4282 aar.
341 4230 417 4280 lond.
434 4231 490 4280 mai.
508 4246 530 4294 p.
549 4229 589 4282 79.
606 4231 693 4280 Forma
710 4245 740 4280 aa
755 4235 802 4280 rad.
820 4229 875 4278 min.
892 4229 967 4278 laad.
985 4245 1014 4294 p..
1027 4228 1067 4281 70.

232 4313 252 4374 ²)
270 4314 356 4363 Forma
374 4315 466 4360 cerat.
484 4311 539 4361 aria.
557 4311 632 4361 Laod
649 4327 672 4375 p.
692 4313 749 4362 sta.
848 4313 869 4373 ³)
888 4310 925 4361 Ib.
942 4326 965 4374 p.
984 4310 1024 4362 70.
1125 4311 1145 4374 ⁴)
1165 4311 1202 4362 Ib.
1213 4328 1237 4378 p.
1250 4313 1307 4364 513.

232 4394 251 4455 5)
270 4393 306 4443 lb.
324 4410 348 4459 p.
367 4396 411 4454 25,
430 4395 474 4443 84.
493 4393 554 4453 107,
573 4394 633 4452 164,
651 4395 713 4455 368,
731 4394 762 4445 cl.
863 4392 979 4457 6)111.Ῑ).
998 4392 1054 4443 156.

231 4471 251 4537 ⁷)
270 4473 306 4524 Ib.
330 4491 353 4540 p.
376 4475 432 4529 507.
456 4473 493 4528 Oi.
518 4475 596 4525 macr.
622 4475 652 4525 de
672 4477 776 4526 Sacram.
796 4490 819 4540 p.
842 4474 895 4528 oth.
917 4475 960 4538 Ep.
985 4474 1020 4524 ad
1038 4475 1092 4524 San.
1114 4475 1167 4526 Pol.
1195 4475 1254 4539 (Ser.
1274 4479 1325 4526 cat.

192 4555 241 4607 111.
260 4556 295 4604 1³.
314 4555 388 4618 toa).

1160 4647 1182 4683 ιι
