3240 5100
725 340 783 400 129

104 567 105 571 ¹
188 538 265 599 »der
293 537 523 610 Sacramenten,
564 536 641 600 ende
671 540 782 600 andere
816 535 1101 618 Kerelrstielrtingbe
1133 539 1211 598 ende
1241 539 1318 618 regi·

187 652 292 702 »ment
310 643 361 723 3).”
393 643 456 714 Qua
478 646 510 705 in
532 663 565 705 re
588 641 688 705 tamen
711 643 804 724 probe
825 644 993 704 cavendum
1015 653 1133 712 monet,
1155 659 1193 702 ne
1218 651 1316 701 exter-

185 747 232 805 nis
253 747 336 807 hisce
359 749 396 808 ad
418 750 546 808 salutem
568 749 676 808 mediis
697 748 728 808 in
747 767 779 808 se
798 747 921 807 nimiam
940 745 1144 807 adscribamus
1161 746 1316 814 virtutem;

185 870 255 910 nam
284 853 314 911 in
344 852 383 912 iis¹
414 849 599 932 »Ipsummet
629 852 723 912 llcum
753 871 806 932 per
831 849 977 931 Spiritum
1007 848 1109 910 Setum
1138 849 1225 910 nobis
1247 851 1317 910 assi·

185 964 288 1015 »scere
310 964 401 1034 atque
422 955 586 1035 ipsummet
608 976 661 1036 per
683 975 713 1016 se
736 975 885 1034 suumque
902 954 998 1034 Ipsius
1016 973 1090 1034 opus
1107 952 1199 1012 nobis·
1212 971 1317 1034 coope-

185 1059 266 1119 »rari
288 1059 403 1119 virtute
425 1078 477 1120 sua
500 1059 602 1120 divina
617 1059 666 1142 l).’'
697 1060 768 1130 ila,
791 1059 843 1120 lret
866 1061 891 1119 is
909 1061 937 1119 al
955 1057 1148 1139 gansclreliek
1167 1058 1220 1117 des
1238 1055 1317 1136 Hey·

184 1161 309 1242 »lighen
339 1161 465 1223 Gbeests
493 1182 593 1244 eygen
623 1159 741 1233 werck,
763 1211 788 1224 ..
811 1183 894 1224 maer
922 1163 965 1243 hy
997 1163 1076 1222 richt
1108 1162 1245 1222 datselue
1274 1171 1317 1221 wt

184 1285 304 1327 »neven
323 1267 375 1328 dat
394 1268 514 1328 woordt
532 1268 610 1328 ende
630 1267 806 1348 ghebruyel(
826 1268 881 1328 der
900 1265 1176 1347 sacramenien⁶).”
1203 1262 1317 1333 Quodsi

183 1371 304 1430 »virtus
317 1368 375 1449 Sp.
396 1369 457 1430 Soti
477 1371 508 1431 in
527 1381 632 1431 nostro
650 1372 821 1431 ministerio
839 1389 904 1430 sese
924 1370 1052 1438 exserit,
1074 1379 1127 1428 aut
1149 1387 1220 1429 sane
1243 1387 1317 1448 opus

183 1473 302 1553 »ipsum
324 1475 455 1534 ministri
478 1493 596 1554 semper
619 1485 649 1534 et
668 1474 780 1553 ubique
799 1473 904 1534 efficax
922 1475 996 1540 erit,
1019 1482 1071 1532 aut
1090 1473 1163 1533 unio
1181 1473 1232 1532 illa
1254 1471 1316 1551 Epo

182 1577 344 1638 »nobiscnm
372 1587 454 1637 certa
483 1597 543 1637 non
574 1577 693 1659 erit⁶).’'
743 1577 782 1638 Ut
811 1577 905 1656 igitur
928 1578 1034 1637 ordine
1057 1575 1208 1637 Ecclesiae
1232 1563 1315 1638 insti·

182 1681 314 1740 tutiones
336 1681 515 1750 lustremus,
544 1691 575 1741 et
597 1682 780 1751 accuratim,
810 1701 868 1760 qua
891 1682 937 1740 via
961 1688 1104 1760 operetur
1126 1700 1159 1740 ae
1181 1679 1316 1750 ratione,

181 1782 410 1862 cognoscamus,
444 1785 522 1844 serie
551 1785 714 1844 dicendum
743 1785 802 1844 erit
834 1786 875 1843 1⁰.
902 1785 936 1843 de
963 1784 1043 1844 verbi
1067 1783 1242 1853 ministerio,
1274 1785 1315 1843 2⁰.

180 1887 215 1946 de
240 1887 333 1948 enltns
354 1889 557 1956 celebratione,
588 1889 629 1948 3⁰.
656 1889 691 1948 de
712 1887 963 1948 oelrninisirntione
985 1894 1243 1955 sacramentorum,
1271 1887 1314 1944 4⁰.

179 1990 310 2070 denique
332 1991 366 2051 de
386 2011 440 2052 nsit
460 1990 631 2070 discipliuae
653 1991 880 2052 Ecclesiastioce.

539 2198 560 2278 §
582 2200 608 2258 l.
654 2197 739 2258 Verbi
759 2198 958 2259 ministerium.

280 2424 304 2464 a.
339 2401 461 2464 Verbnnt
482 2403 625 2464 bininnni.

219 2504 310 2566 Verbi
339 2506 402 2567 lieir
437 2508 634 2568 »testimonio
663 2509 749 2568 nobis
781 2509 956 2570 revelantur
980 2507 1126 2588 mysteria
1149 2507 1248 2568 omnia
1270 2507 1313 2567 di·

179 2611 287 2672 »vinae
318 2611 547 2692 voluntatis¹)''.
592 2611 647 2672 Ubi
671 2631 744 2692 ergo
767 2614 937 2692 quaeritur:
981 2601 1094 2672 »Leert
1117 2630 1171 2672 ons
1192 2611 1252 2670 dan
1275 2611 1312 2671 de

513 2677 526 2688 l.

179 2713 307 2774 »schrift
336 2713 570 2798 ghenoucblielr'
590 2733 647 2774 van
670 2713 794 2775 dodim
824 2715 1070 2794 respondendum
1092 2723 1153 2774 est:
1196 2713 1255 2774 »la
1277 2732 1312 2792 sy

179 2819 278 2878 »ende
301 2819 329 2876 al
353 2828 413 2877 ivai
435 2836 489 2877 ons
512 2836 569 2877 van
592 2819 690 2878 noode
713 2818 738 2877 is
761 2837 807 2878 om
831 2820 869 2878 de
889 2819 1049 2878 volkomen
1068 2816 1216 2896 salielreyt
1234 2817 1312 2876 ende

178 2921 252 2980 »dai
281 2920 397 2980 eewieb
419 2921 509 2980 leuen
533 2931 562 2979 te
586 2919 849 3002 verkrijghen2),”
893 2940 946 2982 »so
969 2921 1021 2980 dat
1043 2939 1074 2980 se
1096 2919 1195 2998 gheen
1218 2919 1313 2980 ander

178 3023 408 3103 »kennesselrap
431 3024 492 3084 olte
512 3024 795 3104 ondersouekingbe
815 3023 895 3084 Gods
907 3071 913 3084 .
926 3071 952 3084 ..
971 3043 1070 3084 neven
1087 3022 1162 3082 haer
1176 3023 1244 3099 lijdt
1257 3023 1277 3103 3)
1287 3022 1312 3090 ,’·’

177 3128 318 3205 quoniam
348 3128 411 3187 solo
454 3127 570 3189 »verbo
599 3125 651 3188 Dei
679 3129 876 3188 continentur
905 3148 940 3188 ea
970 3129 1084 3196 omnia,
1113 3143 1311 3206 quaeeunque
1370 3203 1373 3208 ι

178 3231 262 3288 »ullo
290 3231 381 3290 modo
410 3233 469 3290 sint
493 3233 661 3291 necessaria
684 3233 722 3292 ad
744 3233 871 3292 salutem
886 3231 936 3313 ⁵).’'
957 3267 997 3276 —
1018 3231 1163 3291 Proditur
1184 3229 1310 3290 verbum

178 3331 231 3393 bei
254 3335 433 3414 »scripturis
456 3336 547 3395 sacris
560 3334 584 3415 ⁵)
594 3335 627 3404 '',
651 3355 724 3414 ques
745 3337 826 3396 inter
848 3347 879 3396 et
901 3337 998 3415 ipsum
1021 3335 1074 3395 Dei
1096 3334 1222 3395 verbum
1244 3351 1310 3412 pro·

179 3437 214 3496 be
244 3457 332 3517 saepe
359 3439 535 3518 distinguit,
562 3459 586 3499 e.
610 3459 637 3519 g.
660 3440 691 3499 in
714 3439 761 3500 his
783 3440 897 3500 verbis:
940 3439 1000 3500 rad
1022 3439 1197 3500 elevandam
1220 3439 1310 3518 scrip·

177 3551 286 3601 »turae
309 3552 428 3602 sanctae
452 3543 678 3612 arroteritatem,
701 3543 832 3622 verbique
853 3543 885 3602 in
906 3543 961 3604 ille
983 3542 1075 3604 divini
1096 3542 1203 3612 iidem,
1221 3541 1248 3600 ai
1261 3541 1309 3621 ⁶).”

218 3860 237 3922 3)
259 3861 310 3910 Oai.
327 3863 402 3914 Lond.
421 3864 476 3913 mni.
493 3879 517 3928 p.
536 3863 575 3916 76.
677 3865 697 3928 4)
720 3861 797 3916 Praei.
815 3867 845 3916 ele
861 3867 964 3916 Snernn.
982 3882 1006 3932 p.
1024 3865 1094 3916 lem.

216 3941 235 4003 5)
258 3943 309 3990 sat.
327 3943 401 3993 bend.
420 3947 475 3996 mni.
493 3962 517 4010 p.
535 3947 575 3996 94.
1171 3998 1186 4023 ,

218 4025 237 4086 ⁶)
259 4023 337 4074 linei.
354 4025 384 4074 de
405 4028 509 4076 Sacram.
530 4044 553 4092 p.
573 4026 643 4079 lneb.
669 4027 705 4078 (ll.
722 4027 752 4078 de
772 4029 845 4079 nisan
859 4030 953 4094 papali.
971 4045 995 4094 p.
1013 4029 1052 4081 10.
1080 4029 1129 4094 Ep.
1150 4029 1184 4079 nd
1202 4031 1268 4082 Bnll.
1289 4035 1313 4080 el

179 4106 260 4155 Pellio.
280 4107 338 4167 (Ser.
356 4111 407 4155 ani.
425 4108 466 4157 IV.
486 4111 520 4159 1³.
538 4111 615 4172 164.)

218 4187 237 4248 ¹)
255 4188 329 4252 Purp.
347 4189 402 4237 min.
419 4191 532 4256 Francos.
549 4207 573 4255 p.
591 4193 631 4241 22.
733 4193 752 4252 ²)
774 4193 825 4242 cn.
842 4192 917 4242 lond.
935 4195 991 4242 nai.
1008 4209 1032 4257 p.
1051 4195 1091 4244 14.

217 4267 238 4330 ³)
258 4269 325 4334 Conf.
334 4269 404 4334 fidei.
421 4285 445 4334 p.
463 4271 507 4320 11α
527 4275 653 4332 (nunides
671 4275 746 4336 255).
765 4275 801 4323 Ol.
819 4273 852 4324 ib.
865 4290 890 4340 p.
905 4275 936 4324 13
953 4275 995 4336 (ib.
1010 4275 1077 4340 254.)
1089 4279 1113 4326 et
1125 4275 1171 4327 tob
1182 4276 1224 4340 (ib.
1238 4279 1313 4342 256).

177 4350 215 4398 De
231 4349 397 4402 incarnatione
416 4355 510 4403 Christi.
528 4353 556 4403 B.
575 4367 613 4403 111.
625 4373 649 4405 n.
666 4356 704 4404 De
720 4357 794 4406 nisan
805 4358 899 4422 papali.
916 4373 939 4421 p.
958 4359 982 4409 4.

218 4431 237 4492 ⁴)
255 4434 342 4482 Forma
360 4449 389 4483 ne
404 4439 451 4484 rai.
469 4436 524 4484 inin.
542 4435 616 4486 bend.
634 4451 657 4500 p.
675 4437 715 4486 32.
734 4437 770 4486 cf.
790 4437 856 4503 Gens.
865 4438 928 4504 fidei
946 4441 1073 4501 (Hermon
1089 4439 1147 4502 247)
1168 4441 1218 4491 eat.
1235 4441 1313 4493 Lond.

176 4514 232 4563 inni.
249 4529 273 4577 p.
292 4514 323 4564 13
330 4550 337 4573 ,
356 4517 395 4567 14.
497 4517 516 4580 5)
534 4519 578 4582 Ep.
597 4518 631 4568 ad
646 4521 700 4568 Sen.
718 4521 771 4568 Pel.
790 4521 845 4580 (rer.
863 4525 913 4569 nni.
931 4520 966 4570 Il.
984 4521 1018 4570 1³.
1037 4521 1103 4584 106.)

216 4595 235 4656 6)
254 4593 298 4660 Ep.
315 4597 350 4647 ad
365 4598 455 4662 Sipisn.
473 4613 563 4663 praem.
581 4601 667 4651 Forma
684 4617 713 4650 ne
728 4605 776 4652 rai.
794 4603 850 4652 nin.
868 4603 942 4652 Lond.
960 4617 984 4667 p.
1003 4603 1025 4652 3.

1160 4695 1172 4730 a
