3240 5100
832 277 891 336 too

289 477 471 538 sententiam
500 476 812 556 scriptomandavit,
841 476 894 536 sed
923 477 954 536 in
977 475 1126 558 liturgicis
1148 477 1266 556 scriptis
1289 476 1321 536 in
1343 495 1431 536 usum

288 579 505 647 Ecclesiarum,
537 578 647 657 quibus
679 579 826 658 praefuit,
854 580 1027 659 compositis
1059 599 1114 660 pro
1146 599 1179 640 rc
1204 590 1273 640 nata
1295 589 1430 640 mentem

289 704 372 744 snam
391 684 544 764 explicuit.
578 682 835 750 Praeluit·autem
858 684 1028 744 istiusmodi
1051 681 1205 752 Ecclesiis,
1228 703 1319 763 quae,
1338 703 1429 744 unam
1520 719 1522 722 -

288 801 408 850 tantum
430 788 536 848 urbem
560 787 607 846 vcl
629 788 813 866 provinciam
837 789 1063 868 amplectentes,
1086 806 1140 868 pro
1161 789 1345 848 conditionis
1357 807 1428 848 suae

288 906 396 955 natura
426 892 463 952 ad
495 890 655 970 Synodalis
676 889 877 952 Ecclesiastici
900 894 1055 972 regiminis
1077 893 1219 961 sormam,
1242 893 1425 952 articulatim

287 997 430 1058 membris
458 1000 654 1066 instructam,
684 998 818 1057 ordinari
847 1017 908 1058 aron
932 1008 1081 1076 poterant.
1124 996 1176 1057 Vel
1199 999 1242 1057 sic
1265 1010 1365 1057 tamen
1389 997 1426 1057 ad

287 1119 382 1161 unum
411 1095 510 1161 omnia
540 1102 706 1169 clementa,
736 1120 813 1180 quae
839 1101 870 1160 in
892 1101 952 1160 bac'
971 1102 1127 1180 regiminis
1149 1101 1245 1162 forma
1267 1103 1426 1180 requirun-

287 1216 354 1274 tur,
376 1207 454 1285 apud
477 1217 614 1266 nostrum
637 1205 825 1285 deprehendi
848 1224 951 1284 posse,
972 1206 1075 1265 statim
1098 1205 1128 1264 in
1152 1205 1254 1266 oculos
1275 1205 1426 1274 incurret,

286 1312 312 1370 si
340 1310 449 1389 raptim
478 1312 647 1389 expositum
677 1311 747 1377 erit,
774 1328 918 1388 quosnam
941 1310 971 1369 in
995 1307 1073 1368 Ecel.
1096 1307 1281 1370 Londincnsi
1305 1320 1336 1370 ct
1358 1308 1425 1370 Em·

285 1415 363 1474 dana
391 1415 601 1474 ministrorum
627 1415 795 1474 instituerit
817 1425 1001 1482 conventus,
1023 1424 1054 1473 et
1076 1433 1223 1493 quaenam
1246 1414 1338 1473 luerit
1360 1414 1426 1472 cius

285 1517 323 1576 dc
345 1518 503 1598 colloquiis
525 1518 684 1578 sententia.
718 1537 742 1577 a.
765 1517 800 1576 lu
825 1517 954 1577 Ecclesia
976 1516 1159 1576 Lonrlineusi.
1196 1515 1349 1576 »Primum
1373 1515 1425 1576 ba·

286 1623 398 1682 »betur
426 1632 531 1682 coctus
560 1623 766 1682 ministrorum
797 1641 831 1682 ac
861 1620 1019 1680 Saniorum
1047 1619 1195 1680 Ecclesiae
1218 1621 1423 1702 omnium1),''

285 1727 316 1785 in
340 1743 401 1805 quo
431 1725 565 1805 »singuli
589 1725 694 1785 ordine
718 1743 773 1784 suo
795 1725 962 1784 sententias
990 1735 1138 1803 rogantur
1159 1743 1213 1804 per
1234 1726 1424 1804 superinten-

285 1831 429 1890 »dcntcm
443 1829 504 1909 2),”
529 1839 563 1888 ut
586 1830 627 1888 ita
658 1829 801 1888 »demum
825 1829 951 1907 quisque
974 1829 1080 1888 ordine
1102 1845 1155 1888 suo
1178 1829 1359 1888 sententiam
1381 1829 1424 1888 di·

284 1945 355 1993 »cat
377 1934 415 1992 dc
438 1951 526 1992 eausa
550 1932 700 2012 proposita
724 1933 807 1991 iuxta
830 1933 1033 1992 conscientiae
1055 1951 1126 1992 suae
1149 1931 1422 2012 testimonium⁸).''

285 2036 379 2096 Porro
409 2038 557 2116 «singulis
585 2037 740 2097 mensibus
769 2038 861 2096 semel
890 2036 1021 2096 habetur
1043 2037 1135 2096 ctiam
1157 2037 1317 2115 peculiaris
1337 2036 1423 2096 mini-

285 2153 455 2208 »strorum,
487 2140 646 2201 Seniorum
675 2152 707 2200 et
735 2141 930 2201 diaconorum
957 2150 1077 2207 coctus,
1099 2141 1130 2198 in
1153 2158 1212 2218 qno
1234 2141 1353 2199 diaconi
1375 2159 1423 2219 pa·

284 2246 382 2306 »riter
412 2263 516 2305 ornnes
544 2256 733 2324 acceptarum
763 2255 794 2304 ct
823 2263 1021 2323 expensarum
1050 2245 1311 2322 elcemosynarum
1333 2245 1423 2304 ratio

284 2369 375 2410 »nem
398 2349 634 2428 subducantur>
679 2348 834 2408 Postremo
857 2349 1007 2428 »singulis
1029 2348 1183 2408 mensibus
1204 2347 1335 2408 habetur
1352 2367 1422 2408 con·

285 2465 416 2514 aventus
447 2453 670 2521 ministrorum,
704 2454 856 2512 seniorum
890 2462 921 2512 et
952 2451 1146 2512 diaconorum
1180 2451 1304 2511 orttrrr‘um
1337 2451 1423 2511 simul

284 2558 525 2638 »pmeprr'oorum
548 2557 745 2618 Ecclesiarum
763 2555 820 2635 ⁵).’'
855 2555 965 2617 Aditus
983 2556 1019 2616 ad
1043 2554 1192 2616 Ecclesiae
1214 2556 1421 2615 ministrorum

283 2673 450 2723 convontus
480 2671 562 2741 patet
592 2661 797 2740 unicuiquell.
841 2660 868 2718 b.
896 2659 932 2720 ln
962 2659 1093 2720 Ecclesia
1121 2658 1256 2718 Erudortu
1283 2660 1421 2720 similiter

282 2768 417 2828 instituit
438 2764 656 2844 presbyterium,
679 2765 742 2824 sive
764 2765 1031 2832 consistorium,in
1054 2782 1114 2842 quo
1132 2763 1352 2824 conveniebant
1370 2783 1419 2842 pa·

282 2883 378 2932 stores
406 2870 495 2930 simul
525 2887 644 2936 omnes,
674 2868 806 2946 »quibus
828 2867 962 2927 adiuncti
985 2878 1072 2927 erant
1096 2878 1226 2946 quatuor
1247 2868 1339 2955 cives,
1363 2889 1417 2948 ,pri

283 2973 438 3053 »alioquin
464 2990 587 3050 graves,
613 2972 665 3049 qui
694 2991 710 3030 a
733 2981 796 3030 tnta
825 2969 957 3030 Ecclesia
980 2981 1158 3049 potestatem
1181 2990 1247 3030 cum
1271 2972 1308 3030 iis
1330 2969 1419 3029 habe·

282 3075 450 3158 »bant⁷)‚’'
474 3111 514 3122 -
534 3087 565 3136 ct
587 3083 710 3142 coetum,
732 3077 794 3134 sire
816 3086 1000 3134 conventum
1023 3076 1157 3134 omnium
1179 3076 1308 3153 pariter,
1324 3074 1417 3152 quiin

282 3181 415 3241 Ecclesia
438 3179 727 3242 {brisiae-orientali
752 3178 836 3238 verbi
858 3179 989 3238 ministri
1010 3197 1136 3238 munere
1155 3179 1418 3259 iunguntur³).—

282 3305 306 3346 ca
331 3283 485 3362 colloquio.
519 3281 701 3362 »Tantisper
721 3282 797 3341 dum
826 3281 960 3360 legitima
984 3279 1184 3341 Ecclesiarum
1207 3282 1317 3341 iudicia
1340 3300 1417 3341 com·

284 3389 394 3449 »mode
417 3387 538 3448 restitui
560 3405 621 3446 nnn
643 3386 838 3466 possuntbx’
862 3386 954 3446 amica
978 3385 1058 3446 inter
1080 3386 1295 3446 dissentientes
1316 3385 1416 3444 docto-

325 3647 344 3708 1)
365 3645 450 3694 Forma
467 3662 497 3695 etc
513 3651 560 3696 rat.
579 3648 634 3697 min.
652 3646 728 3696 Lend.
746 3663 769 3710 p.
788 3647 844 3700 517.
946 3645 965 3706 2)
984 3643 1021 3694 Ib.
1039 3661 1063 3709 p.
1082 3646 1138 3694 tta.

324 3729 344 3790 ³)
365 3727 400 3776 lb.
418 3743 441 3792 p.
461 3729 517 3779 519.
536 3730 572 3778 Cf.
590 3745 613 3794 p.
631 3731 659 3788 4,
678 3730 723 3789 21,
741 3729 803 3788 283,
822 3729 884 3786 294,
903 3728 963 3786 295,
983 3729 1044 3787 371,
1064 3728 1119 3776 393.

324 3810 344 3872 ¹¹)
362 3809 399 3858 Ib.
415 3825 439 3874 p.
458 3810 514 3860 520.
533 3811 569 3860 (lt.
587 3827 610 3874 p.
629 3811 685 3860 521.
820 3809 840 3871 δ)
859 3808 895 3858 lb.
912 3824 936 3872 p.
955 3809 1011 3857 523.

324 3894 344 3956 6)
362 3892 398 3942 lb.
415 3909 439 3958 p.
458 3893 514 3943 521.
549 3892 685 3957 Disciplina
704 3891 767 3940 Eecl.
790 3891 853 3940 inter
872 3890 994 3940 ministros
1014 3891 1041 3939 in
1060 3891 1136 3940 simili
1152 3894 1221 3941 coetu
1236 3897 1362 3944 exercetur.
1381 3895 1416 3946 Cf.

284 3975 316 4024 ib.
334 3993 357 4042 p.
376 3975 499 4028 sat-27.

324 4057 343 4119 7)
362 4059 405 4121 Ep.
428 4057 462 4105 ad
482 4056 605 4106 Hardenb.
630 4058 690 4117 (Ser.
715 4060 765 4104 onl.
784 4056 818 4104 II.
836 4057 871 4105 1⁰.
890 4056 965 4116 ola).
988 4055 1025 4104 Cf.
1045 4057 1181 4122 Entfelderi
1199 4060 1244 4124 Ep.
1264 4059 1298 4107 ad
1316 4060 1417 4109 Laecam

283 4138 346 4202 apud
365 4150 487 4186 amnena
506 4154 529 4202 p.
549 4138 592 4196 53,
616 4151 724 4196 annuns,
746 4137 811 4186 Hiat.
829 4138 924 4202 reform.
946 4138 995 4187 ΙΙΙ.
1013 4155 1036 4203 p.
1054 4140 1110 4189 149.
1135 4153 1203 4188 uaso
1224 4153 1334 4202 numus,
1352 4141 1416 4191 Hert.

284 4220 389 4276 Frisiae,
406 4235 429 4282 p.
448 4219 504 4267 926.
522 4231 656 4276 nnuman,
673 4220 738 4268 Hiat.
758 4219 815 4266 Crit.
831 4219 856 4268 J.
876 4219 891 4266 ιὶ
912 4219 989 4269 Locro
1006 4220 1041 4270 Π.
1060 4237 1083 4286 p.
1103 4222 1158 4272 199.

322 4301 343 4364 ⁸)
362 4302 478 4360 Ennius,
501 4302 566 4350 Hiat.
592 4302 686 4350 Friciae
710 4317 734 4365 p.
758 4301 819 4360 926,
844 4302 924 4350 Τνασι.
950 4301 980 4351 de
1003 4307 1070 4353 etate
1095 4305 1161 4368 reip..
1188 4305 1249 4355 Fraa.
1273 4322 1307 4355 or.
1328 4321 1351 4369 p.
1377 4305 1415 4354 28.

284 4396 419 4440 andrean,
435 4397 463 4430 o.
482 4380 497 4431 l.
522 4381 557 4432 II.
579 4397 603 4445 p.
627 4382 767 4431 eoo-202.
790 4395 997 4444 nascendam,
1022 4387 1104 4436 Geren.
1127 4386 1170 4436 der
1191 4387 1311 4437 Moederlc.
1332 4404 1355 4452 p.
1377 4387 1416 4436 23.

284 4479 398 4522 cursor,
421 4465 541 4514 Waarrelr.
559 4479 583 4528 p.
602 4463 659 4513 495.

323 4549 342 4612 ⁹)
362 4549 404 4611 Ep.
423 4546 457 4595 ad
472 4547 525 4596 Sea.
544 4546 597 4595 Pel.
617 4547 676 4608 (Ser.
693 4549 744 4616 pant.
766 4543 814 4594 ΙΙΙ.
833 4544 868 4593 ta.
888 4544 962 4606 tot).
982 4544 1018 4595 Cf.
1036 4544 1068 4594 ib.
1089 4545 1129 4608 (ib.
1148 4562 1171 4611 p.
1190 4547 1234 4607 74,
1252 4550 1296 4611 90,
1315 4551 1391 4612 loa).
