3228 5102
814 253 855 314 64

265 453 303 514 ad
331 455 535 533 apostolorum
561 453 656 512 instar
677 451 849 514 habeantur
870 452 1037 521 orationes;
1066 453 1277 531 »potissimum
1299 462 1401 513 tamen

265 557 426 636 »precibus
457 555 695 616 incumbendum
725 575 807 626 esse,
836 557 946 635 quibus
975 556 1115 634 spiritum
1144 557 1263 616 consilii
1288 567 1320 617 et
1341 557 1401 618 dis·

264 659 430 720 »cretionis
458 678 474 718 a
503 657 565 719 Deo
593 660 709 738 petitur
727 659 784 738 9).”
827 661 868 720 3⁰.
891 658 915 719 A
940 655 1071 733 Quibus?
1099 693 1140 704 -—
1168 657 1269 720 »Haec
1294 670 1401 720 estex

264 762 379 822 »verbo
410 759 462 822 bei
490 762 626 842 legitima
653 762 815 822 ministerii
838 763 971 830 vocatio,
992 761 1045 826 ubi
1068 781 1105 823 ex
1127 761 1401 842 populioonsen'su

180 859 229 955 p(
264 873 317 925 »ct
348 864 564 946 approbatione
592 875 750 936 creantur,
780 866 832 946 qui
861 865 962 926 idonei
985 865 1144 930 visisunt.
1187 865 1327 926 Praeesse
1349 886 1401 927 au·

263 977 348 1028 »tem
377 969 518 1028 electioni
546 967 659 1028 debere
682 969 756 1043 alios
778 941 940 1053 pastino?
950 969 1064 1052 nequid
1086 969 1135 1030 vel
1157 987 1211 1048 per
1231 969 1400 1039 levitatem,

263 1071 334 1131 »vel
362 1089 416 1150 per
443 1073 522 1131 mala
550 1071 666 1140 studia,
695 1070 746 1132 ch
774 1090 829 1152 per
854 1073 1019 1132 tumultum
1041 1091 1058 1130 a
1079 1071 1276 1146 multitudino
1298 1091 1400 1152 pecce-

262 1172 418 1252 »tur¹⁰l.’'
462 1173 540 1236 »llic
561 1175 642 1236 enim
663 1175 793 1236 maxime
816 1175 956 1254 optabilis
978 1185 1024 1235 cst
1043 1184 1141 1239 status
1159 1177 1276 1256 populi,
1296 1195 1400 1236 creare

262 1277 494 1337 »communibus
515 1277 668 1358 suffragiis
690 1288 825 1358 pastores
844 1278 878 1360 ¹¹)
887 1279 916 1348 ,''
946 1289 978 1340 et
1003 1279 1132 1358 pessime
1154 1280 1219 1340 sine
1241 1279 1334 1340 dubio
1357 1279 1400 1340 illi

262 1389 372 1459 agunt,
401 1380 453 1458 qui
482 1390 517 1440 ut
545 1381 647 1460 populi
676 1381 743 1441 iura
768 1381 953 1462 infringant,
975 1383 1013 1443 ad
1036 1383 1249 1462 Apostolorum
1271 1383 1400 1444 vocatio·

261 1500 331 1542 nem
360 1501 524 1562 provocare
547 1485 646 1544 solent
663 1484 706 1566 ¹²).
745 1487 788 1546 4⁰.
812 1484 964 1564 Denique:
996 1486 1056 1558 Qrto
1077 1487 1137 1546 rito
1158 1485 1297 1547 initiandi
1319 1485 1400 1546 aiot?

261 1583 386 1646 Praeter
423 1605 568 1648 manuum
608 1589 832 1668 impositionem
869 1591 986 1649 nullum
1025 1591 1265 1669 qualemcunque
1305 1590 1399 1649 ritum

261 1699 366 1750 noster
397 1691 558 1770 approbat;
588 1709 646 1752 »nc
676 1701 778 1752 tamen
807 1693 948 1752 universa
976 1693 1142 1754 multitudo
1162 1711 1285 1752 manum
1307 1693 1400 1772 impo-

262 1803 349 1861 »nat,
372 1793 425 1854 sed
448 1795 504 1854 soli
522 1805 658 1874 pastores
671 1795 735 1874 13).”
777 1794 891 1856 Revera
911 1792 1067 1856 Calvinum
1086 1815 1230 1858 manuum
1247 1796 1329 1856 illam
1347 1795 1400 1854 irn-

260 1897 441 1976 positionem
469 1899 571 1978 magni
600 1898 720 1967 secisse,
752 1896 783 1959 ct
812 1904 970 1980 propterea
1000 1918 1120 1979 quoque
1147 1900 1217 1960 solis
1239 1897 1401 1958 retinuisse

261 1999 432 2077 pastoribus
460 2001 519 2060 iam
545 2001 655 2061 exinde
685 2003 830 2081 suspicari
858 2004 945 2071 licet,
975 2003 1056 2082 quod
1077 2004 1159 2064 ultro
1180 2002 1250 2062 alibi
1272 2001 1400 2060 fatetur:

263 2120 346 2162 »non
380 2103 494 2163 invitus
522 2115 645 2184 paterer
669 2117 890 2166 sacramentum
913 2107 1014 2168 vocari
1033 2106 1105 2187 11),”
1129 2115 1161 2166 ct
1182 2105 1305 2186 egregie
1326 2103 1402 2162 haec

261 2225 381 2288 quoqne
413 2207 479 2266 eius
512 2207 604 2268 verba
637 2207 832 2269 confirmant:
872 2208 1018 2278 »Fateom
1048 2209 1214 2288 optandum
1241 2217 1338 2274 esset,
1366 2214 1401 2264 ut

263 2311 401 2370 »valeret
423 2309 567 2371 continua
589 2312 738 2373 successio
759 2323 794 2372 ut
814 2313 931 2373 functio
953 2315 1016 2392 ipsa
1039 2313 1123 2392 quasi
1146 2331 1199 2392 per
1216 2298 1401 2370 manustra·

263 2437 276 2464 »
285 2413 411 2473 deretur
423 2413 488 2495 ¹⁵).'’
521 2412 662 2474 Mannum
681 2417 833 2495 impositio
851 2427 1071 2476 sacramentum
1090 2416 1401 2496 proclamatum,cum

263 2515 407 2575 continua
429 2525 583 2594 pastorum
606 2520 796 2579 successione
818 2521 1027 2588 coniunctum,
1045 2519 1233 2598 praeclarum
1251 2534 1323 2576 sane
1343 2525 1401 2575 tes·

264 2617 425 2678 timonium
446 2617 586 2690 exhibet,
609 2641 698 2700 quam
731 2623 866 2702 proxime
899 2641 988 2702 saepe
1017 2619 1295 2684 abomanensibus
1323 2617 1401 2678 absit

265 2719 417 2783 Calvinus.

545 2928 566 3010 1
588 2931 615 2990 b.
658 2929 701 2990 lle
720 2929 918 2992 mirristrotum
939 2929 1127 2992 conuentibus.

306 3133 370 3194 Etsi
392 3141 478 3194 cxtra
501 3135 738 3196 controversiam
760 3146 894 3206 constat,
915 3137 981 3198 eius
999 3135 1150 3202 Ecclesiae
1168 3134 1323 3215 regundnc
1341 3121 1400 3193 lor·

265 3255 348 3306 mae,
370 3255 447 3314 quae
473 3233 635 3314 Synodalis
663 3240 756 3318 vulgo
785 3239 913 3308 dicitnr,
941 3258 978 3299 eo
1007 3231 1279 3299 sensu'Calvinum
1301 3248 1400 3317 patro-

265 3357 339 3398 num
361 3341 513 3400 exstitisse
539 3359 573 3400 ac
593 3341 760 3423 fautorem,
789 3343 870 3420 quod
892 3344 1060 3404 necessarie
1083 3361 1100 3403 e
1124 3342 1294 3422 principiis,
1322 3328 1399 3419 quae

265 3439 494 3503 Ecclesiasticus
514 3444 670 3523 regImInis
692 3446 808 3523 posuit,
830 3443 1023 3524 Synodorum
1048 3445 1201 3506 institutio
1222 3435 1400 3506 deducenda

307 3745 326 3808 ⁰)
345 3745 405 3796 loct.
423 3742 466 3794 IV.
484 3741 508 3792 3.
526 3741 567 3792 12.

295 3825 326 3890 ¹⁰)
346 3829 407 3878 lost.
429 3826 471 3877 lv.
494 3825 517 3875 8.
539 3823 580 3874 15.
603 3823 632 3874 cf.
656 3823 699 3876 IV.
721 3825 745 3874 3.
768 3826 813 3886 13,
837 3826 877 3877 14.
904 3827 990 3877 Oomm.
1012 3827 1047 3876 ad
1066 3827 1119 3878 Act.
1136 3825 1179 3878 VI.
1197 3825 1221 3876 8.
1239 3825 1269 3876 de
1284 3839 1335 3876 loeo.
1352 3823 1398 3889 ref..

267 3909 336 3961 Ecol.
353 3911 419 3960 Tom.
437 3909 508 3960 VIII.
525 3905 581 3980 411),
598 3909 655 3978 498.
673 3909 735 3958 Vera
752 3909 814 3958 mot
832 3907 878 3973 ref.
895 3913 943 3960 rat.
961 3908 1020 3957 Tom
1036 3908 1108 3959 VIII.
1126 3906 1197 3960 teob.
1482 3903 1485 3908 '

295 3993 327 4056 ¹¹)
344 3994 425 4042 Proel.
442 3992 468 4041 in
484 3992 558 4042 Maelu
575 3991 605 4042 V.
623 3991 646 4042 t.
664 3991 730 4039 Tom.
748 3989 777 4040 V.
795 3987 865 4040 tull.

296 4075 326 4138 ¹²)
344 4075 406 4124 loct.
423 4073 466 4125 IV.
483 4073 506 4122 ³.
525 4075 565 4123 13.
584 4073 613 4124 cl.
630 4073 693 4122 Iost.
710 4071 752 4121 IV.
771 4071 794 4120 l.
813 4071 852 4120 14.
870 4069 912 4120 IV.
932 4071 955 4120 3.
973 4069 1000 4132 3,
1017 4072 1048 4132 4,
1066 4071 1093 4133 5,
1113 4071 1135 4122 8.
1153 4070 1196 4122 IV.
1214 4071 1237 4121 8.
1256 4071 1279 4122 9.
1296 4070 1339 4123 IV.
1359 4070 1398 4120 19.

267 4157 290 4207 8.
307 4157 350 4208 IV.
369 4156 451 4208 11.1.
475 4159 561 4208 Comm.
583 4155 617 4206 ad
638 4156 703 4206 llam.
725 4153 746 4203 Ι.
765 4155 788 4204 5.
804 4153 855 4203 XV.
878 4152 918 4203 20.
936 4153 1001 4204 XVI.
1019 4151 1043 4206 7.
1065 4156 1090 4204 et
1114 4157 1203 4204 Contra
1222 4165 1293 4202 mou.
1310 4151 1341 4202 de
1357 4153 1399 4204 lib.

266 4239 316 4289 orb.
334 4237 401 4288 I'om.
417 4237 489 4286 vul,
508 4235 578 4286 1181).
703 4295 705 4300 Ι

295 4319 326 4382 l³)
346 4320 405 4368 luat.
422 4317 465 4368 IV.
483 4317 506 4368 8.
526 4317 565 4366 18.
583 4315 612 4366 ol.
630 4314 673 4366 IV.
691 4317 715 4366 4.
733 4318 773 4367 14.
791 4317 816 4364 et
833 4314 876 4364 11.
898 4315 921 4364 5.
943 4317 967 4366 4.
997 4314 1053 4376 „De
1075 4315 1182 4368 diaconis
1204 4331 1295 4382 quoque
1316 4319 1341 4366 et
1360 4315 1400 4365 Se·

269 4399 397 4460 ,nioribus
415 4398 505 4448 slmilis
521 4413 618 4464 prorsus
635 4397 696 4447 ratio
713 4397 774 4448 est.’'
799 4400 860 4448 lost.
878 4396 921 4448 IV.
939 4398 962 4448 3.
980 4399 1021 4450 12.

296 4481 327 4546 ¹⁴)
345 4483 388 4548 Ep.
408 4481 473 4537 Oula.
491 4480 558 4533 Tum.
575 4478 632 4535 m.
648 4495 675 4545 Ρ.
691 4479 731 4534 81.
832 4477 863 4542 ¹⁵)
880 4477 942 4530 last.
959 4479 1003 4533 lv.
1021 4481 1062 4533 14.
1080 4481 1120 4536 20.
1138 4450 1168 4536 cs.
1185 4479 1228 4534 IV.
1246 4481 1286 4536 lt.
1304 4469 1344 4535 81.
