3240 5100
720 311 779 372 ll3

323 513 344 594 §
365 513 392 574 3.
434 511 592 592 Imapiaes,
613 511 716 592 quibas
738 511 885 574 Ecolcstae
905 511 981 572 trotio
998 498 1172 573 illustrator.

221 718 340 790 Matris,
372 721 404 780 in
433 719 566 782 Ecclesia
594 721 807 791 describenda,
833 722 1012 800 imaginem,
1033 740 1110 802 quae
1132 740 1149 781 a
1171 720 1312 800 Cypriani

96 837 98 840 ’
179 825 251 886 inde
281 835 415 906 ternpore
444 825 582 885 stabilem
603 825 711 886 hahuit
732 825 834 885 sedem
856 826 887 884 in
910 823 1124 905 Ecclesiologia
1145 823 1312 886 Romanen-

180 929 274 999 sinm,
316 940 348 989 et
391 929 513 989 Calvino
556 947 676 1008 quoque
713 939 871 1008 tantopere
906 929 1057 1008 placebat,
1093 947 1241 1008 nusquam
1280 929 1312 988 in

179 1028 264 1091 Losei
295 1033 414 1111 scriptis
445 1033 640 1112 deprehendi.
690 1031 794 1112 Neque
826 1033 858 1092 in
891 1033 1033 1093 universo
1066 1033 1131 1092 eius
1162 1031 1314 1092 scribendi

179 1153 275 1220 genus
296 1135 479 1215 imaginihus
499 1136 648 1206 abundat,
671 1138 724 1198 sed
747 1137 875 1217 propriis
900 1138 1077 1216 plerumque
1099 1135 1199 1197 verbis
1220 1153 1314 1198 enun-

180 1238 236 1298 tiat
267 1239 458 1319 simpliciter,
487 1241 568 1320 quod
596 1241 751 1302 iumenta
774 1241 859 1301 Lasci
881 1251 954 1301 erat.
999 1240 1081 1310 Quae
1103 1250 1204 1302 tamen
1227 1257 1315 1320 perce

179 1341 308 1402 subinde
331 1354 508 1413 occurrunt,
527 1343 691 1404 Ecclesiam
710 1344 798 1406 nobis
814 1345 984 1424 depingunt
1003 1356 1055 1404 aut
1074 1345 1105 1404 in
1124 1345 1246 1406 eiusad
1266 1364 1314 1408 ve·

179 1447 316 1514 ritatem,
349 1457 402 1508 aut
434 1448 471 1508 ad
504 1449 584 1527 ipsos
615 1447 736 1518 fideles,
769 1450 954 1528 potissimum
988 1459 1090 1509 tamen
1122 1449 1153 1508 in
1183 1450 1248 1508 eius
1277 1449 1315 1509 ad

179 1549 332 1610 Christum
350 1551 506 1611 relatione.
541 1551 586 1612 Ad
605 1553 734 1631 primum
754 1571 850 1632 genus
869 1553 1046 1612 referendae
1065 1562 1135 1612 sunt
1153 1553 1315 1633 imagines,

179 1654 210 1714 in
239 1654 349 1732 quibus
377 1653 509 1715 Ecclesia
538 1656 625 1715 nohis
654 1657 832 1736 proponitur
861 1657 955 1716 veluti
987 1657 1146 1716 »columna
1176 1675 1209 1716 ac
1236 1656 1315 1718 hasis

180 1757 407 1838 »veritatis¹),’'
435 1759 497 1846 sive
525 1768 666 1838 tanquam
694 1778 806 1819 »verae
829 1779 862 1819 ae
885 1760 1024 1819 salutaris
1046 1760 1243 1821 doctrinae..
1265 1759 1316 1820 oh·

180 1863 350 1922 »servatrix
362 1861 411 1942 ²).’'
453 1861 512 1942 Ipsi
535 1873 635 1922 autam
658 1861 763 1923 fideles
781 1865 1001 1942 respiciuntur,
1022 1864 1074 1924 uhi
1093 1863 1225 1923 Ecclesia
1244 1863 1316 1924 dici-

180 1975 231 2024 tur
249 1965 398 2025 »societas
416 1964 549 2026 [iliorum
567 1964 621 2025 Dei
634 1965 687 2047 ⁸)‚'’
709 1969 901 2026 »eornmunio
919 1979 1093 2027 sanctorum
1106 1967 1148 2048 Ψ
1166 1968 1214 2028 vel
1226 1967 1316 2028 etiam

179 2069 397 2148 »congregatio
419 2088 590 2148 puerorum
619 2069 757 2130 Abrahae
770 2070 818 2151 ⁵).'’
862 2070 987 2150 Saepius
1015 2082 1116 2130 tamen
1143 2071 1174 2130 in
1204 2089 1257 2130 sua
1279 2069 1317 2130 ad

175 2170 333 2232 Christum
355 2173 502 2232 relatione
525 2170 658 2232 Ecclesia
677 2183 846 2252 spectatur,
868 2183 899 2234 et
919 2183 990 2233 tuuc
1009 2175 1131 2252 quidem
1150 2173 1318 2252 promiscue

177 2274 364 2345 celebratur,
398 2285 542 2354 tanquam
575 2276 693 2355 »ipsum
727 2295 855 2356 regnum
888 2275 1000 2336 Christi
1032 2277 1063 2335 in
1097 2275 1186 2335 terris
1202 2274 1258 2356 8),”
1287 2283 1318 2333 et

175 2378 360 2457 »mysticum
380 2377 492 2438 Christi
510 2379 685 2460 eorpus⁷);''
707 2380 755 2439 vel
777 2380 869 2439 ctiam
890 2379 1040 2439 letatura
1064 2377 1174 2446 hasco,
1196 2375 1317 2438 »Eccle-

179 2482 273 2541 »siam
301 2479 411 2540 Christi
441 2499 506 2541 esse
536 2492 645 2542 testem
657 2481 710 2562 8),”
732 2483 794 2543 sive
817 2483 948 2562 denique
971 2481 1101 2542 »Christi
1125 2500 1263 2561 sponsam
1274 2479 1317 2560 ⁹)”

175 2583 271 2653 adeo,
300 2593 334 2644 ut
363 2584 610 2662 matrimonium
639 2595 777 2645 nostrum
802 2596 908 2665 typum
931 2587 1082 2665 quendam
1105 2585 1187 2645 esse”
1210 2585 1317 2646 doceat

175 2687 410 2766 »desponsionis
432 2689 513 2748 inter
536 2687 688 2749 Christum
712 2700 743 2749 et
765 2688 928 2750 Ecclesiam
951 2689 1124 2769 ipsius¹⁰l,’'

177 2940 179 2945 ·
200 2897 221 2978 p
243 2898 269 2957 l.
298 2896 376 2958 Nara
394 2895 561 2957 distillaverit
578 2896 654 2957 inter
673 2895 833 2957 Ecclesiam
851 2897 990 2958 risibilem
1007 2903 1090 2976 atqae
1106 2895 1298 2958 irtrist'bilera?

224 3102 402 3183 Quicunque
435 3105 493 3164 rite
525 3105 684 3166 aestimare
717 3105 791 3164 velit
816 3105 1103 3172 commutationem,
1141 3122 1230 3182 quam
1265 3123 1319 3183 per

183 3227 333 3268 sacrorum
357 3205 438 3268 Snee.
461 3205 535 3266 llllli
557 3208 800 3268 emendationem
818 3227 923 3286 reapse
946 3207 1096 3266 Ecclesiae
1118 3208 1227 3286 dogma
1249 3207 1318 3266 sub-

183 3311 235 3379 iit,
266 3311 398 3370 libenter
429 3311 577 3370 calculum
610 3309 697 3370 stium
727 3311 849 3370 adiiciet
877 3310 958 3370 hisce
993 3307 1166 3369 Schenkelii
1203 3301 1318 3370 verbis:

176 3412 261 3473 ¹»llic
283 3412 489 3473 Reformation
512 3433 576 3472 war
597 3413 694 3473 ihrem
714 3412 863 3473 Karakter
881 3413 957 3473 nach
978 3413 1155 3474 wesentlich
1175 3411 1319 3473 Kirehen·

185 3517 435 3596 »verhesserunp
479 3514 528 3596 Sie
568 3535 632 3576 war
666 3516 777 3576 mithin
806 3517 856 3577 die
885 3515 1033 3596 Negation
1062 3517 1116 3578 des
1145 3516 1319 3596 hisherigen

229 3821 249 3883 ι)
267 3822 311 3886 Ep.
330 3821 365 3870 ad
381 3823 437 3870 Sea.
456 3821 509 3870 Pol.
529 3820 588 3881 (Sar.
604 3823 654 3870 art.
672 3819 720 3868 III.
739 3821 774 3869 1³.
793 3820 858 3882 100).

227 3903 246 3964 ⁹)
264 3904 350 3952 Forma
367 3919 397 3952 aa
412 3909 459 3951 rat.
478 3903 532 3952 mia.
551 3901 626 3951 Laod.
644 3917 667 3965 p.
686 3900 726 3952 74.
745 3901 781 3950 Os.
802 3901 879 3950 Tract.
897 3900 927 3948 de
945 3901 1050 3949 Sacram.
1068 3899 1141 3963 praei.
1158 3914 1182 3962 p.
1203 3898 1241 3948 10.

180 4043 183 4048 .
228 3984 248 4046 3)
268 3985 353 4034 Forma
370 4000 399 4033 aa
415 3987 462 4033 rat.
480 3985 535 4034 mia.
554 3978 629 4034 [aad.
648 3999 671 4048 p.
690 3981 747 4034 167.

228 4067 248 4130 ⁴)
270 4069 319 4118 Cat.
339 4067 414 4117 Lond.
433 4068 487 4117 mai.
505 4083 528 4130 p.
547 4065 586 4118 76.
605 4065 641 4114 cl.
658 4067 744 4114 Forma
761 4081 791 4114 ae
806 4067 853 4113 rat.
871 4065 927 4114 mia.
948 4063 1020 4112 lond.
1039 4079 1062 4128 p.
1083 4063 1137 4112 502.

180 4168 182 4172 ·
229 4149 249 4210 ⁶)
270 4150 347 4198 dhaet.
365 4149 395 4198 de
411 4150 515 4198 Sacram.
534 4163 557 4211 p.
570 4149 622 4196 46³.
690 4147 709 4208 6)
728 4148 770 4211 Ep.
788 4147 822 4195 ad
840 4149 927 4196 Cariat.
945 4146 994 4195 111.
1013 4147 1072 4207 (Ser.
1085 4148 1135 4194 aat.
1148 4143 1182 4193 II.
1195 4143 1231 4192 2⁸.
1244 4141 1320 4206 687).

230 4231 249 4294 7)
269 4233 355 4282 Forma
377 4247 406 4280 ae
426 4235 473 4280 rat.
496 4231 551 4280 aria.
576 4229 650 4280 Load.
673 4230 736 4286 284,
760 4228 819 4289 342,
843 4231 898 4279 501.
915 4227 945 4278 ul.
965 4229 1043 4278 dhaet.
1062 4227 1091 4277 dc
1108 4229 1212 4277 Sacram.
1230 4240 1253 4288 p.
1271 4225 1323 4273 62³.

192 4315 241 4428 Epa⁸
253 4315 293 4446 a}
306 4315 398 4446 01ιῖεέ
410 4311 803 4444 HLP(fferhbanchpssqassaqp6385J·

232 4395 794 4541 lttzttttt.⁰titt1·1.atis.

221 4557 252 4620 ¹⁰)
274 4558 351 4608 itaet.
368 4558 399 4608 de
417 4559 523 4627 uanae
538 4556 611 4630 prael.
631 4570 655 4620 p.
673 4555 713 4603 10.
