3240 5100
181 501 356 574 docuerint,
368 501 474 586 ‘palam
497 524 566 567 eum
581 505 752 567 consessum
772 524 837 567 csse
855 509 1024 588 promiscue

180 608 285 692 fideles
297 628 365 670 cum
377 609 544 690 hypocritis
556 611 679 672 versari.
703 610 852 681 Quamdiu
868 612 1019 694 enimbyp

180 713 388 792 reperiantur,
406 713 542 775 nondum
560 712 722 793 perlectam
742 731 807 774 csse
826 733 891 774 earn
911 734 1010 794 neque

179 825 258 876 essct
274 816 491 877 demonstrare.
513 814 547 876 ln
559 835 595 876 66
607 827 708 877 autem
720 835 753 877 re
765 835 885 878 omnem
896 818 983 879 facilc

179 920 285 999 eximit
303 923 319 980 ir
339 919 448 989 Lasco,
467 920 520 981 ubi
539 921 710 1000 quaestioni
729 922 761 981 in
780 921 968 984 Catechismo
1013 995 1019 1000 Β

179 1024 261 1084 »dan
287 1025 344 1084 alle
367 1023 567 1104 gheloouigb,
597 1023 719 1104 heylich
741 1025 820 1086 ende
843 1027 1089 1099 rechtvaardicb,
1114 1040 1163 1092 die
1185 1063 1247 1094 aaa„

178 1129 271 1190 »dese
290 1127 476 1209 glrerncyntc
492 1129 654 1209 vergadcrt
673 1130 846 1190 werdeni’'
866 1133 1044 1211 respondet:
1075 1133 1223 1208 1111661166,
1239 1145 1314 1200 tron-

178 1236 279 1294 111661
297 1241 372 1294 nont
390 1235 461 1294 doen
482 1235 541 1294 6661
563 1234 1033 1313 166666616911661666166111161
1052 1255 1107 1316 spn
1119 1237 1184 1320 ¹³).'’
1226 1241 1315 1311 Quod

177 1337 209 1396 in
229 1337 297 1400 ,6116
318 1339 383 1398 1666
406 1338 513 1398 iisdem
535 1339 599 1398 scre
622 1338 724 1399 verbis
746 1341 934 1410 enuntiavit,
957 1341 1010 1402 ubi
1032 1343 1168 1424 roganti:
1210 1342 1315 1407 »Num

178 1466 190 1494 1
201 1460 273 1501 1616
293 1460 380 1501 omne
399 1442 443 1501 illi
463 1451 534 1501 sunt
552 1461 659 1502 revera
677 1441 732 1502 filii
751 1441 820 1512 Dei,
840 1445 891 1523 qui
911 1463 942 1504 se
955 1489 961 1504 .
974 1491 980 1504 .
993 1491 1000 1505 .
1012 1455 1157 1508 externae
1169 1449 1313 1510 ecclesiae

176 1545 311 1606 »Christi
333 1545 583 1606 adiunxerant?”
612 1547 792 1626 respondet:
835 1546 1099 1628 »Haudquaquam
1144 1550 1218 1610 Sunt
1239 1552 1315 1612 enirn

176 1649 318 1728 »plurimi
345 1649 586 1731 hypocritae.¹⁴).''
629 1633 745 1720 Quibus
774 1651 798 1710 si
825 1650 995 1712 addiderim
1017 1653 1092 1714 haec
1117 1654 1183 1714 eius
1205 1655 1311 1736 verba:

173 1751 306 1814 Ecclesia
336 1754 384 1812 116
411 1773 467 1813 aen
495 1753 677 1814 haerseluen
706 1763 769 1814 met
796 1755 1009 1837 menighcrley
1034 1756 1210 1838 gbcbrelxen
1233 1759 1311 1820 ende

174 1857 312 1918 »sonden
339 1857 585 1938 bebangen¹⁵),''
606 1889 646 1902 -·-
676 1859 771 1918 altera
801 1878 920 1938 quoquc
947 1862 1214 1922 demonstrationis
1243 1882 1312 1943 pars

173 1961 210 2020 ad
232 1961 382 2039 liquidnm
411 1962 469 2021 erit
497 1971 626 2042 peracta.
671 1961 770 2031 Quum
799 1963 894 2043 igitur
922 1963 1126 2027 Idomenenses
1146 1966 1311 2046 perfectam

172 2063 335 2124 Ecclesiam
363 2069 476 2124 6661616
504 2063 611 2122 161661
632 2063 757 2142 conspici
775 2083 858 2142 poesc
880 2067 1071 2137 statuebant,
1100 2067 1240 2129 Calvinus
1262 2088 1309 2131 ccc·

171 2174 249 2228 etune
269 2167 396 2246 peridem,
419 2167 473 2226 sed
495 2186 559 2228 esse
582 2167 780 2238 invisibilem,
803 2187 892 2248 neque
913 2170 988 2230 adeo
1007 2172 1131 2251 conspici
1149 2189 1211 2232 eunn
1227 2192 1310 2252 posse

172 2267 392 2340 arbitrabatur,
428 2273 444 2330 ia
474 2269 568 2330 Lasco
597 2289 663 2330 eam
692 2290 780 2351 neque
805 2278 933 2340 6661616,
966 2293 1054 2353 neque
1075 2275 1201 2354 conspici
1225 2295 1309 2355 posse

169 2375 348 2444 confitetur:
377 2375 433 2434 etsi
460 2375 593 2434 libenter
618 2376 764 2445 concedo,
793 2375 843 2436 bio
869 2377 931 2438 illic
960 2377 1099 2437 nonnihil
1129 2379 1208 2458 apud
1236 2398 1306 2439 eum

169 2497 289 2558 quoque
311 2479 453 2558 reperiri,
477 2479 558 2540 unde
587 2479 758 2540 luculenter
784 2490 883 2560 patet,
906 2501 996 2562 quam
1021 2481 1142 2542 difficile
1165 2484 1204 2544 sit
1223 2479 1305 2546 iuvcss

167 2583 258 2643 terati
280 2583 392 2643 erroris
414 2583 541 2662 vestigia
563 2583 685 2663 penitus
707 2595 860 2645 excutere.

325 2787 346 2870 §
368 2791 394 2850 b.
437 2788 951 2871 1161611611661661666111116911661
975 2791 1147 2856 Coclornna''

206 2999 284 3068 Quid
313 3008 392 3058 esset
414 2999 453 3058 de
474 3017 569 3079 regno
592 2999 745 3060 coelorum
767 3000 866 3080 deque
890 3002 955 3062 eius
978 3003 1016 3062 ad
1038 3001 1201 3066 Ecclesiam
1224 3007 1299 3064 rola-

163 3103 246 3163 tione
275 3102 483 3171 statuendum,
513 3103 544 3162 in
574 3102 697 3163 Calvino
726 3105 798 3164 satis
828 3105 914 3165 166116
944 3107 1018 3166 dilui
1040 3116 1175 3186 poterat,
1205 3125 1298 3186 quum

162 3207 225 3287 ipsc
254 3207 286 3266 in
315 3207 545 3266 Commentariis
567 3208 629 3266 suis
651 3208 822 3267 sexcenties
844 3209 876 3268 iu
897 3208 989 3268 buius
1011 3211 1183 3290 argumenti
1205 3213 1298 3292 expli·

162 3312 279 3372 catione
309 3321 454 3371 versatur.
483 3312 499 3369 'a
529 3308 638 3380 Lasco,
672 3321 819 3390 quantum
849 3313 926 3383 scio,
953 3313 1185 3374 commentarios
1212 3333 1298 3374 num·

161 3435 251 3496 quam
280 3416 412 3494 scripsit,
445 3423 476 3474 61
504 3416 625 3474 nonnisi
655 3434 742 3494 parce
773 3415 901 3476 subinde
930 3417 961 3476 in
992 3417 1143 3497 opusculis
1168 3417 1231 3477 suis
1259 3419 1298 3478 de

160 3537 256 3598 regno
295 3519 447 3578 coelorum
486 3519 557 3578 iecit
595 3520 789 3579 mentionem.
855 3519 996 3590 Quamvis
1028 3521 1122 3601 igitur
1153 3521 1297 3591 fontium,

117 3626 118 3629 ’
159 3623 241 3682 unde
266 3622 470 3684 hauriendum
492 3621 579 3681 nobis
601 3631 660 3690 est,
689 3624 768 3682 16116
790 3623 928 3703 integrae
950 3643 984 3684 ac
1005 3625 1161 3704 paululum
1183 3625 1296 3704 periec-

159 3728 230 3786 tiori
258 3725 349 3785 buius
377 3726 435 3785 1661
465 3725 645 3804 expositioni
668 3745 774 3805 parum
797 3727 911 3796 faveat,
939 3746 1015 3806 quae
1038 3738 1139 3787 tamen
1161 3727 1211 3786 hio
1234 3729 1295 3788 illic

158 3829 283 3890 disiecta
309 3830 451 3908 colligere
484 3829 652 3908 potuimus,
682 3829 713 3888 in
742 3847 830 3889 usum
857 3841 996 3891 nostrum
1025 3832 1142 3912 digesta
1164 3851 1294 3911 expone-

157 3952 232 3994 mus.
276 3932 391 4013 Duplex
412 3934 444 3992 in
470 3933 612 3994 universo
631 3951 759 4012 regnum
778 3944 893 4004 exstat,
915 3937 1043 3996 alterum
1063 3935 1141 4004 Deo,
1164 3936 1293 3999 alterum

157 4047 279 4097 satanae
313 4036 482 4104 subdituram
516 4036 596 4116 quod
619 4036 729 4096 exinde
750 4037 912 4097 manifesto
934 4037 1189 4117 deprehenditur,
1211 4041 1293 4118 quod

156 4138 330 4200 Dominicae
364 4140 510 4200 orationis
544 4140 720 4200 articulum:
775 4141 899 4200 »veniat
932 4160 1060 4221 regnum
1094 4141 1212 4210 tuum‚'’
1245 4143 1293 4203 bis

157 4241 258 4303 verbis
280 4242 513 4320 interpretatur:
557 4239 636 4302 »Dat
658 4241 697 4302 is:
721 4259 738 4302 o
761 4239 861 4302 Vadcr
882 4244 1034 4306 vernioldt
1055 4244 1106 4304 dat
1125 4246 1219 4322 rijckc
1238 4247 1292 4308 des

185 4493 216 4554 ¹3)
236 4494 288 4542 Cat.
307 4491 382 4542 Lond.
400 4493 455 4542 11ιαί.
473 4509 496 4557 p.
515 4494 559 4552 76,
577 4493 617 4548 77.
686 4495 717 4559 ¹⁴)
737 4497 823 4547 Fornace
839 4512 868 4546 nc
884 4501 931 4548 nni.
950 4497 1005 4548 inin.
1023 4497 1098 4550 lond
1115 4515 1138 4565 p.
1159 4503 1215 4554 183.

184 4575 214 4638 15)
237 4575 288 4628 Cui.
307 4576 381 4626 lond.
400 4579 455 4628 moi.
474 4583 496 4642 p.
516 4575 555 4630 79.
1023 4606 1025 4612 ·
1186 4591 1189 4598 ’
