<?xml version="1.0" encoding="UTF-8"?>
<!DOCTYPE html PUBLIC "-//W3C//DTD XHTML 1.0 Transitional//EN"
    "http://www.w3.org/TR/xhtml1/DTD/xhtml1-transitional.dtd">
<html xmlns="http://www.w3.org/1999/xhtml" xml:lang="en" lang="en">
 <head>
  <title>
</title>
<meta http-equiv="Content-Type" content="text/html;charset=utf-8" />
  <meta name='ocr-system' content='tesseract 3.04.00' />
  <meta name='ocr-capabilities' content='ocr_page ocr_carea ocr_par ocr_line ocrx_word'/>
</head>
<body>
  <div class='ocr_page' id='page_1' title='image "./disquisitiohist00kuypgoog_0131.png"; bbox 0 0 3240 5100; ppageno 0'>
   <div class='ocr_carea' id='block_1_1' title="bbox 754 295 814 362">
    <p class='ocr_par' dir='ltr' id='par_1_1' title="bbox 754 295 814 362">
     <span class='ocr_line' id='line_1_1' title="bbox 754 295 814 362; baseline 0.017 -1"><span class='ocrx_word' id='word_1_1' title='bbox 754 295 814 362; x_wconf 87' lang='grc'><strong>107</strong></span> 
     </span>
    </p>
   </div>
   <div class='ocr_carea' id='block_1_2' title="bbox 218 497 1353 1724">
    <p class='ocr_par' dir='ltr' id='par_1_2' title="bbox 218 497 1353 1724">
     <span class='ocr_line' id='line_1_2' title="bbox 220 497 1352 584; baseline 0.004 -26"><span class='ocrx_word' id='word_1_2' title='bbox 220 513 313 563; x_wconf 75' lang='lat' dir='ltr'><strong>»tuus</strong></span> <span class='ocrx_word' id='word_1_3' title='bbox 339 502 424 564; x_wconf 83' lang='lat' dir='ltr'><strong>testis</strong></span> <span class='ocrx_word' id='word_1_4' title='bbox 447 521 482 563; x_wconf 88' lang='lat' dir='ltr'><strong>ae</strong></span> <span class='ocrx_word' id='word_1_5' title='bbox 503 499 689 584; x_wconf 81' lang='lat' dir='ltr'><strong>glorificator</strong></span> <span class='ocrx_word' id='word_1_6' title='bbox 711 501 829 562; x_wconf 84' lang='lat' dir='ltr'>Domini</span> <span class='ocrx_word' id='word_1_7' title='bbox 852 501 964 563; x_wconf 87' lang='lat' dir='ltr'><strong>Christi</strong></span> <span class='ocrx_word' id='word_1_8' title='bbox 986 502 1017 562; x_wconf 89' lang='lat' dir='ltr'><strong>in</strong></span> <span class='ocrx_word' id='word_1_9' title='bbox 1039 497 1218 562; x_wconf 77' lang='lat' dir='ltr'><strong>institutione</strong></span> <span class='ocrx_word' id='word_1_10' title='bbox 1239 498 1352 584; x_wconf 65' lang='lat' dir='ltr'><strong>nml).&#39;’</strong></span> 
     </span>
     <span class='ocr_line' id='line_1_3' title="bbox 221 605 1352 686; baseline 0.003 -20"><span class='ocrx_word' id='word_1_11' title='bbox 221 606 330 667; x_wconf 73' lang='lat' dir='ltr'><strong>Christi</strong></span> <span class='ocrx_word' id='word_1_12' title='bbox 349 608 480 666; x_wconf 86' lang='lat' dir='ltr'><strong>aucturis</strong></span> <span class='ocrx_word' id='word_1_13' title='bbox 502 606 659 686; x_wconf 74' lang='lat' dir='ltr'><strong>epitheton</strong></span> <span class='ocrx_word' id='word_1_14' title='bbox 681 618 795 668; x_wconf 87' lang='lat' dir='ltr'><strong>eertum</strong></span> <span class='ocrx_word' id='word_1_15' title='bbox 817 607 930 686; x_wconf 85' lang='lat' dir='ltr'><strong>ubique</strong></span> <span class='ocrx_word' id='word_1_16' title='bbox 951 606 1016 666; x_wconf 89' lang='lat' dir='ltr'><strong>fere</strong></span> <span class='ocrx_word' id='word_1_17' title='bbox 1037 607 1140 666; x_wconf 81' lang='lat' dir='ltr'><strong>sedem</strong></span> <span class='ocrx_word' id='word_1_18' title='bbox 1163 605 1270 676; x_wconf 82' lang='lat' dir='ltr'><strong>habel,</strong></span> <span class='ocrx_word' id='word_1_19' title='bbox 1299 608 1352 669; x_wconf 86' lang='lat' dir='ltr'><strong>ubi</strong></span> 
     </span>
     <span class='ocr_line' id='line_1_4' title="bbox 219 707 1352 792; baseline 0.003 -21"><span class='ocrx_word' id='word_1_20' title='bbox 219 709 352 772; x_wconf 76' lang='lat' dir='ltr'><strong>Ecclesia</strong></span> <span class='ocrx_word' id='word_1_21' title='bbox 388 709 689 792; x_wconf 79' lang='lat' dir='ltr'><strong>commemoratur⁸)‚</strong></span> <span class='ocrx_word' id='word_1_22' title='bbox 721 721 753 772; x_wconf 89' lang='lat' dir='ltr'><strong>et</strong></span> <span class='ocrx_word' id='word_1_23' title='bbox 788 711 1042 791; x_wconf 80' lang='lat' dir='ltr'><strong>quemadmodum</strong></span> <span class='ocrx_word' id='word_1_24' title='bbox 1073 711 1171 771; x_wconf 86' lang='lat' dir='ltr'><strong>omnis</strong></span> <span class='ocrx_word' id='word_1_25' title='bbox 1201 707 1352 774; x_wconf 80' lang='lat' dir='ltr'><strong>Ecclesiae</strong></span> 
     </span>
     <span class='ocr_line' id='line_1_5' title="bbox 218 814 1352 895; baseline 0 -19"><span class='ocrx_word' id='word_1_26' title='bbox 218 815 372 876; x_wconf 85' lang='lat' dir='ltr'><strong>institutio</strong></span> <span class='ocrx_word' id='word_1_27' title='bbox 400 815 438 876; x_wconf 88' lang='lat' dir='ltr'><strong>ad</strong></span> <span class='ocrx_word' id='word_1_28' title='bbox 466 814 619 876; x_wconf 77' lang='lat' dir='ltr'><strong>Christum</strong></span> <span class='ocrx_word' id='word_1_29' title='bbox 648 816 797 886; x_wconf 77' lang='lat' dir='ltr'><strong>refertur,</strong></span> <span class='ocrx_word' id='word_1_30' title='bbox 826 817 869 876; x_wconf 84' lang='lat' dir='ltr'><strong>sic</strong></span> <span class='ocrx_word' id='word_1_31' title='bbox 891 832 1011 895; x_wconf 88' lang='lat' dir='ltr'><strong>quoque</strong></span> <span class='ocrx_word' id='word_1_32' title='bbox 1033 814 1172 876; x_wconf 86' lang='lat' dir='ltr'><strong>Christus</strong></span> <span class='ocrx_word' id='word_1_33' title='bbox 1193 833 1258 876; x_wconf 89' lang='lat' dir='ltr'><strong>esse</strong></span> <span class='ocrx_word' id='word_1_34' title='bbox 1280 816 1352 876; x_wconf 86' lang='lat' dir='ltr'><strong>dici·</strong></span> 
     </span>
     <span class='ocr_line' id='line_1_6' title="bbox 219 915 1352 1000; baseline 0.002 -22"><span class='ocrx_word' id='word_1_35' title='bbox 219 927 286 988; x_wconf 87' lang='lat' dir='ltr'><strong>tur,</strong></span> <span class='ocrx_word' id='word_1_36' title='bbox 315 919 368 998; x_wconf 85' lang='lat' dir='ltr'><strong>qui</strong></span> <span class='ocrx_word' id='word_1_37' title='bbox 409 929 614 998; x_wconf 80' lang='lat' dir='ltr'><strong>»potestatem</strong></span> <span class='ocrx_word' id='word_1_38' title='bbox 643 927 676 979; x_wconf 86' lang='lat' dir='ltr'><strong>et</strong></span> <span class='ocrx_word' id='word_1_39' title='bbox 705 920 917 980; x_wconf 86' lang='lat' dir='ltr'><strong>auctoritatem</strong></span> <span class='ocrx_word' id='word_1_40' title='bbox 939 917 1090 980; x_wconf 88' lang='lat' dir='ltr'><strong>Ecclesiac</strong></span> <span class='ocrx_word' id='word_1_41' title='bbox 1112 915 1263 1000; x_wconf 66' lang='lat' dir='ltr'><strong>dedit2).&#39;&#39;</strong></span> <span class='ocrx_word' id='word_1_42' title='bbox 1296 916 1352 980; x_wconf 85' lang='lat' dir='ltr'><strong>Ne·</strong></span> 
     </span>
     <span class='ocr_line' id='line_1_7' title="bbox 220 1020 1352 1102; baseline 0 -20"><span class='ocrx_word' id='word_1_43' title='bbox 220 1039 279 1102; x_wconf 85' lang='lat' dir='ltr'><strong>quc</strong></span> <span class='ocrx_word' id='word_1_44' title='bbox 308 1020 436 1082; x_wconf 81' lang='lat' dir='ltr'><strong>Luscum</strong></span> <span class='ocrx_word' id='word_1_45' title='bbox 461 1023 632 1084; x_wconf 75' lang='lat' dir='ltr'><strong>accuratius</strong></span> <span class='ocrx_word' id='word_1_46' title='bbox 657 1023 739 1084; x_wconf 89' lang='lat' dir='ltr'><strong>inter</strong></span> <span class='ocrx_word' id='word_1_47' title='bbox 764 1022 818 1086; x_wconf 87' lang='lat' dir='ltr'><strong>Dei</strong></span> <span class='ocrx_word' id='word_1_48' title='bbox 844 1032 875 1084; x_wconf 92' lang='lat' dir='ltr'><strong>et</strong></span> <span class='ocrx_word' id='word_1_49' title='bbox 897 1020 1009 1084; x_wconf 85' lang='lat' dir='ltr'><strong>Christi</strong></span> <span class='ocrx_word' id='word_1_50' title='bbox 1032 1023 1070 1083; x_wconf 86' lang='lat' dir='ltr'><strong>ad</strong></span> <span class='ocrx_word' id='word_1_51' title='bbox 1092 1021 1255 1083; x_wconf 85' lang='lat' dir='ltr'><strong>Ecclesiam</strong></span> <span class='ocrx_word' id='word_1_52' title='bbox 1277 1024 1352 1083; x_wconf 81' lang='lat' dir='ltr'><strong>ecla·</strong></span> 
     </span>
     <span class='ocr_line' id='line_1_8' title="bbox 221 1122 1353 1206; baseline 0 -20"><span class='ocrx_word' id='word_1_53' title='bbox 221 1126 335 1186; x_wconf 86' lang='lat' dir='ltr'><strong>tionem</strong></span> <span class='ocrx_word' id='word_1_54' title='bbox 371 1127 559 1194; x_wconf 84' lang='lat' dir='ltr'><strong>distinxisse,</strong></span> <span class='ocrx_word' id='word_1_55' title='bbox 587 1125 664 1187; x_wconf 89' lang='lat' dir='ltr'><strong>nihil</strong></span> <span class='ocrx_word' id='word_1_56' title='bbox 692 1137 775 1188; x_wconf 84' lang='lat' dir='ltr'><strong>certe</strong></span> <span class='ocrx_word' id='word_1_57' title='bbox 803 1122 912 1196; x_wconf 88' lang='lat' dir='ltr'><strong>habet,</strong></span> <span class='ocrx_word' id='word_1_58' title='bbox 941 1126 1022 1206; x_wconf 92' lang='lat' dir='ltr'><strong>quod</strong></span> <span class='ocrx_word' id='word_1_59' title='bbox 1049 1127 1212 1196; x_wconf 74' lang='lat' dir='ltr'><strong>miremur,</strong></span> <span class='ocrx_word' id='word_1_60' title='bbox 1240 1135 1273 1186; x_wconf 85' lang='lat' dir='ltr'><strong>et</strong></span> <span class='ocrx_word' id='word_1_61' title='bbox 1299 1142 1353 1206; x_wconf 87' lang='lat' dir='ltr'><strong>pro</strong></span> 
     </span>
     <span class='ocr_line' id='line_1_9' title="bbox 220 1229 1353 1310; baseline 0.002 -20"><span class='ocrx_word' id='word_1_62' title='bbox 220 1229 374 1310; x_wconf 78' lang='lat' dir='ltr'><strong>cogitandi</strong></span> <span class='ocrx_word' id='word_1_63' title='bbox 403 1230 537 1300; x_wconf 89' lang='lat' dir='ltr'><strong>ratione,</strong></span> <span class='ocrx_word' id='word_1_64' title='bbox 566 1231 614 1290; x_wconf 91' lang='lat' dir='ltr'><strong>cui</strong></span> <span class='ocrx_word' id='word_1_65' title='bbox 643 1240 726 1292; x_wconf 83' lang='lat' dir='ltr'><strong>actes</strong></span> <span class='ocrx_word' id='word_1_66' title='bbox 750 1231 801 1291; x_wconf 88' lang='lat' dir='ltr'><strong>illa</strong></span> <span class='ocrx_word' id='word_1_67' title='bbox 822 1231 958 1300; x_wconf 84' lang='lat' dir='ltr'><strong>favebat,</strong></span> <span class='ocrx_word' id='word_1_68' title='bbox 987 1231 1015 1292; x_wconf 91' lang='lat' dir='ltr'><strong>ei</strong></span> <span class='ocrx_word' id='word_1_69' title='bbox 1037 1247 1105 1290; x_wconf 88' lang='lat' dir='ltr'><strong>cum</strong></span> <span class='ocrx_word' id='word_1_70' title='bbox 1127 1229 1268 1290; x_wconf 86' lang='lat' dir='ltr'><strong>omnihus</strong></span> <span class='ocrx_word' id='word_1_71' title='bbox 1288 1231 1353 1292; x_wconf 88' lang='lat' dir='ltr'><strong>lere</strong></span> 
     </span>
     <span class='ocr_line' id='line_1_10' title="bbox 220 1333 1353 1415; baseline 0 -21"><span class='ocrx_word' id='word_1_72' title='bbox 220 1335 267 1394; x_wconf 86' lang='lat' dir='ltr'><strong>sui</strong></span> <span class='ocrx_word' id='word_1_73' title='bbox 289 1335 435 1414; x_wconf 85' lang='lat' dir='ltr'><strong>temporie</strong></span> <span class='ocrx_word' id='word_1_74' title='bbox 456 1333 617 1415; x_wconf 78' lang='lat' dir='ltr'><strong>Theologis</strong></span> <span class='ocrx_word' id='word_1_75' title='bbox 638 1351 796 1396; x_wconf 88' lang='lat' dir='ltr'><strong>commune</strong></span> <span class='ocrx_word' id='word_1_76' title='bbox 815 1344 888 1396; x_wconf 86' lang='lat' dir='ltr'><strong>erat.</strong></span> <span class='ocrx_word' id='word_1_77' title='bbox 922 1333 1008 1405; x_wconf 88' lang='lat' dir='ltr'><strong>Quod</strong></span> <span class='ocrx_word' id='word_1_78' title='bbox 1027 1343 1129 1395; x_wconf 88' lang='lat' dir='ltr'><strong>tamen</strong></span> <span class='ocrx_word' id='word_1_79' title='bbox 1147 1334 1353 1414; x_wconf 76' lang='lat' dir='ltr'><strong>frequencius,</strong></span> 
     </span>
     <span class='ocr_line' id='line_1_11' title="bbox 220 1434 1353 1520; baseline 0.001 -23"><span class='ocrx_word' id='word_1_80' title='bbox 220 1456 310 1516; x_wconf 88' lang='lat' dir='ltr'><strong>quam</strong></span> <span class='ocrx_word' id='word_1_81' title='bbox 339 1435 400 1506; x_wconf 87' lang='lat' dir='ltr'><strong>illi,</strong></span> <span class='ocrx_word' id='word_1_82' title='bbox 429 1437 549 1498; x_wconf 84' lang='lat' dir='ltr'><strong>Christo</strong></span> <span class='ocrx_word' id='word_1_83' title='bbox 578 1434 731 1500; x_wconf 80' lang='lat' dir='ltr'><strong>Ecclesiae</strong></span> <span class='ocrx_word' id='word_1_84' title='bbox 756 1439 904 1520; x_wconf 78' lang='lat' dir='ltr'><strong>originem</strong></span> <span class='ocrx_word' id='word_1_85' title='bbox 927 1438 1098 1499; x_wconf 86' lang='lat' dir='ltr'><strong>adscribere</strong></span> <span class='ocrx_word' id='word_1_86' title='bbox 1120 1439 1213 1507; x_wconf 79' lang='lat' dir='ltr'><strong>solet,</strong></span> <span class='ocrx_word' id='word_1_87' title='bbox 1241 1439 1353 1499; x_wconf 89' lang='lat' dir='ltr'><strong>idcirco</strong></span> 
     </span>
     <span class='ocr_line' id='line_1_12' title="bbox 220 1541 1353 1624; baseline 0.001 -23"><span class='ocrx_word' id='word_1_88' title='bbox 220 1550 329 1602; x_wconf 89' lang='lat' dir='ltr'><strong>notatu</strong></span> <span class='ocrx_word' id='word_1_89' title='bbox 357 1542 483 1622; x_wconf 80' lang='lat' dir='ltr'><strong>dignum</strong></span> <span class='ocrx_word' id='word_1_90' title='bbox 511 1543 649 1614; x_wconf 86' lang='lat' dir='ltr'><strong>videtur,</strong></span> <span class='ocrx_word' id='word_1_91' title='bbox 681 1545 824 1624; x_wconf 87' lang='lat' dir='ltr'><strong>quoniam</strong></span> <span class='ocrx_word' id='word_1_92' title='bbox 853 1541 931 1604; x_wconf 85' lang='lat' dir='ltr'><strong>infra</strong></span> <span class='ocrx_word' id='word_1_93' title='bbox 958 1561 1081 1622; x_wconf 88' lang='lat' dir='ltr'><strong>quoque</strong></span> <span class='ocrx_word' id='word_1_94' title='bbox 1109 1543 1227 1623; x_wconf 86' lang='lat' dir='ltr'><strong>saepius</strong></span> <span class='ocrx_word' id='word_1_95' title='bbox 1256 1541 1353 1603; x_wconf 88' lang='lat' dir='ltr'><strong>simile</strong></span> 
     </span>
     <span class='ocr_line' id='line_1_13' title="bbox 221 1643 1051 1724; baseline 0.002 -19"><span class='ocrx_word' id='word_1_96' title='bbox 221 1645 294 1724; x_wconf 91' lang='lat' dir='ltr'><strong>quid</strong></span> <span class='ocrx_word' id='word_1_97' title='bbox 316 1643 403 1707; x_wconf 86' lang='lat' dir='ltr'><strong>nobis</strong></span> <span class='ocrx_word' id='word_1_98' title='bbox 423 1655 573 1708; x_wconf 81' lang='lat' dir='ltr'><strong>occurret</strong></span> <span class='ocrx_word' id='word_1_99' title='bbox 1050 1672 1051 1675; x_wconf 41' lang='lat'>¹</span> 
     </span>
    </p>
   </div>
   <div class='ocr_carea' id='block_1_3' title="bbox 403 1850 1172 1934">
    <p class='ocr_par' dir='ltr' id='par_1_3' title="bbox 403 1850 1172 1934">
     <span class='ocr_line' id='line_1_14' title="bbox 403 1850 1172 1934; baseline 0.003 -22"><span class='ocrx_word' id='word_1_100' title='bbox 403 1851 425 1934; x_wconf 63' lang='lat'>5</span> <span class='ocrx_word' id='word_1_101' title='bbox 446 1853 474 1912; x_wconf 74' lang='grc'><strong>2.</strong></span> <span class='ocrx_word' id='word_1_102' title='bbox 517 1851 615 1932; x_wconf 83' lang='lat' dir='ltr'><strong>Aque</strong></span> <span class='ocrx_word' id='word_1_103' title='bbox 637 1853 704 1913; x_wconf 82' lang='lat' dir='ltr'><strong>inde</strong></span> <span class='ocrx_word' id='word_1_104' title='bbox 725 1858 849 1932; x_wconf 79' lang='lat' dir='ltr'><strong>tenpore</strong></span> <span class='ocrx_word' id='word_1_105' title='bbox 868 1850 1001 1914; x_wconf 77' lang='lat' dir='ltr'><strong>Ecclesia</strong></span> <span class='ocrx_word' id='word_1_106' title='bbox 1023 1852 1172 1914; x_wconf 70' lang='lat' dir='ltr'><strong>eonstiterit</strong></span> 
     </span>
    </p>
   </div>
   <div class='ocr_carea' id='block_1_4' title="bbox 203 2057 1360 3074">
    <p class='ocr_par' dir='ltr' id='par_1_4' title="bbox 221 2057 1358 2453">
     <span class='ocr_line' id='line_1_15' title="bbox 263 2057 1356 2124; baseline 0.005 -6"><span class='ocrx_word' id='word_1_107' title='bbox 263 2057 366 2120; x_wconf 85' lang='lat' dir='ltr'><strong>Credit</strong></span> <span class='ocrx_word' id='word_1_108' title='bbox 398 2062 415 2120; x_wconf 81' lang='grc'><strong>1</strong></span> <span class='ocrx_word' id='word_1_109' title='bbox 444 2057 538 2122; x_wconf 83' lang='lat' dir='ltr'><strong>Lusco</strong></span> <span class='ocrx_word' id='word_1_110' title='bbox 580 2059 713 2122; x_wconf 80' lang='lat' dir='ltr'><strong>»Iesum</strong></span> <span class='ocrx_word' id='word_1_111' title='bbox 730 2059 883 2121; x_wconf 85' lang='lat' dir='ltr'><strong>Christum</strong></span> <span class='ocrx_word' id='word_1_112' title='bbox 911 2059 1073 2122; x_wconf 87' lang='lat' dir='ltr'><strong>Dominum</strong></span> <span class='ocrx_word' id='word_1_113' title='bbox 1102 2079 1185 2122; x_wconf 87' lang='lat' dir='ltr'><strong>suem</strong></span> <span class='ocrx_word' id='word_1_114' title='bbox 1214 2061 1356 2124; x_wconf 87' lang='lat' dir='ltr'><strong>habuisse</strong></span> 
     </span>
     <span class='ocr_line' id='line_1_16' title="bbox 221 2160 1356 2247; baseline 0.006 -26"><span class='ocrx_word' id='word_1_115' title='bbox 221 2160 386 2223; x_wconf 86' lang='lat' dir='ltr'><strong>Ecclesiam</strong></span> <span class='ocrx_word' id='word_1_116' title='bbox 408 2163 446 2224; x_wconf 86' lang='lat' dir='ltr'><strong>ab</strong></span> <span class='ocrx_word' id='word_1_117' title='bbox 466 2161 556 2224; x_wconf 83' lang='lat' dir='ltr'><strong>initio</strong></span> <span class='ocrx_word' id='word_1_118' title='bbox 576 2165 682 2226; x_wconf 89' lang='lat' dir='ltr'><strong>mundi</strong></span> <span class='ocrx_word' id='word_1_119' title='bbox 696 2164 761 2246; x_wconf 86' lang='lat'>¹);&#39;&#39;</span> <span class='ocrx_word' id='word_1_120' title='bbox 783 2164 835 2224; x_wconf 90' lang='lat' dir='ltr'><strong>ubi</strong></span> <span class='ocrx_word' id='word_1_121' title='bbox 857 2165 952 2244; x_wconf 82' lang='lat' dir='ltr'><strong>igitur</strong></span> <span class='ocrx_word' id='word_1_122' title='bbox 969 2165 1001 2224; x_wconf 92' lang='lat' dir='ltr'><strong>in</strong></span> <span class='ocrx_word' id='word_1_123' title='bbox 1020 2164 1082 2224; x_wconf 83' lang='lat' dir='ltr'><strong>Get.</strong></span> <span class='ocrx_word' id='word_1_124' title='bbox 1101 2162 1196 2226; x_wconf 91' lang='lat' dir='ltr'><strong>Lond.</strong></span> <span class='ocrx_word' id='word_1_125' title='bbox 1215 2176 1356 2247; x_wconf 80' lang='lat' dir='ltr'><strong>rogatur,</strong></span> 
     </span>
     <span class='ocr_line' id='line_1_17' title="bbox 223 2266 1357 2348; baseline 0.006 -22"><span class='ocrx_word' id='word_1_126' title='bbox 223 2267 296 2346; x_wconf 92' lang='lat' dir='ltr'><strong>quid</strong></span> <span class='ocrx_word' id='word_1_127' title='bbox 324 2268 363 2328; x_wconf 87' lang='lat' dir='ltr'><strong>sit</strong></span> <span class='ocrx_word' id='word_1_128' title='bbox 385 2266 538 2329; x_wconf 76' lang='lat' dir='ltr'><strong>Ecclesia?</strong></span> <span class='ocrx_word' id='word_1_129' title='bbox 565 2269 745 2348; x_wconf 72' lang='lat' dir='ltr'><strong>respondet:</strong></span> <span class='ocrx_word' id='word_1_130' title='bbox 788 2267 845 2328; x_wconf 73' lang='grc'><strong>»111</strong></span> <span class='ocrx_word' id='word_1_131' title='bbox 867 2268 997 2348; x_wconf 83' lang='lat' dir='ltr'><strong>gheloue</strong></span> <span class='ocrx_word' id='word_1_132' title='bbox 1019 2269 1097 2330; x_wconf 88' lang='lat' dir='ltr'><strong>ende</strong></span> <span class='ocrx_word' id='word_1_133' title='bbox 1120 2269 1260 2332; x_wconf 83' lang='lat' dir='ltr'><strong>bekeune</strong></span> <span class='ocrx_word' id='word_1_134' title='bbox 1282 2289 1357 2333; x_wconf 88' lang='lat' dir='ltr'><strong>eene</strong></span> 
     </span>
     <span class='ocr_line' id='line_1_18' title="bbox 224 2370 1358 2453; baseline 0.004 -21"><span class='ocrx_word' id='word_1_135' title='bbox 224 2370 487 2453; x_wconf 73' lang='lat' dir='ltr'><strong>»vergaderinghe</strong></span> <span class='ocrx_word' id='word_1_136' title='bbox 509 2373 564 2434; x_wconf 89' lang='lat' dir='ltr'><strong>der</strong></span> <span class='ocrx_word' id='word_1_137' title='bbox 586 2371 954 2453; x_wconf 74' lang='lat' dir='ltr'><strong>Christenglreloouighen</strong></span> <span class='ocrx_word' id='word_1_138' title='bbox 976 2391 1013 2452; x_wconf 92' lang='lat' dir='ltr'><strong>op</strong></span> <span class='ocrx_word' id='word_1_139' title='bbox 1036 2374 1148 2434; x_wconf 89' lang='lat' dir='ltr'><strong>aerden</strong></span> <span class='ocrx_word' id='word_1_140' title='bbox 1171 2393 1227 2434; x_wconf 88' lang='lat' dir='ltr'><strong>van</strong></span> <span class='ocrx_word' id='word_1_141' title='bbox 1247 2374 1358 2436; x_wconf 87' lang='lat' dir='ltr'><strong>Adams</strong></span> 
     </span>
    </p>

    <p class='ocr_par' dir='ltr' id='par_1_5' title="bbox 203 2475 1360 3074">
     <span class='ocr_line' id='line_1_19' title="bbox 203 2475 1356 2558; baseline 0.003 -23"><span class='ocrx_word' id='word_1_142' title='bbox 203 2476 343 2554; x_wconf 76' lang='lat' dir='ltr'><strong>,otijden</strong></span> <span class='ocrx_word' id='word_1_143' title='bbox 375 2475 476 2558; x_wconf 79' lang='lat' dir='ltr'><strong>as²)‚&#39;&#39;</strong></span> <span class='ocrx_word' id='word_1_144' title='bbox 509 2485 541 2536; x_wconf 87' lang='lat' dir='ltr'><strong>et</strong></span> <span class='ocrx_word' id='word_1_145' title='bbox 574 2477 713 2537; x_wconf 88' lang='lat' dir='ltr'><strong>similiter</strong></span> <span class='ocrx_word' id='word_1_146' title='bbox 745 2477 777 2536; x_wconf 90' lang='lat' dir='ltr'><strong>in</strong></span> <span class='ocrx_word' id='word_1_147' title='bbox 830 2475 1047 2537; x_wconf 77' lang='lat' dir='ltr'><strong>»Confessione</strong></span> <span class='ocrx_word' id='word_1_148' title='bbox 1079 2477 1178 2538; x_wconf 85' lang='lat' dir='ltr'><strong>fidei&#39;&#39;</strong></span> <span class='ocrx_word' id='word_1_149' title='bbox 1212 2487 1356 2539; x_wconf 90' lang='lat' dir='ltr'><strong>testatur:</strong></span> 
     </span>
     <span class='ocr_line' id='line_1_20' title="bbox 213 2577 1358 2660; baseline 0.004 -22"><span class='ocrx_word' id='word_1_150' title='bbox 213 2577 286 2638; x_wconf 84' lang='lat' dir='ltr'><strong>·»So</strong></span> <span class='ocrx_word' id='word_1_151' title='bbox 313 2579 338 2639; x_wconf 86' lang='lat' dir='ltr'><strong>is</strong></span> <span class='ocrx_word' id='word_1_152' title='bbox 367 2579 427 2640; x_wconf 88' lang='lat' dir='ltr'><strong>deu</strong></span> <span class='ocrx_word' id='word_1_153' title='bbox 454 2577 492 2640; x_wconf 89' lang='lat' dir='ltr'><strong>de</strong></span> <span class='ocrx_word' id='word_1_154' title='bbox 518 2579 703 2659; x_wconf 78' lang='lat' dir='ltr'><strong>ghemeynle</strong></span> <span class='ocrx_word' id='word_1_155' title='bbox 733 2577 845 2640; x_wconf 85' lang='lat' dir='ltr'><strong>Christi</strong></span> <span class='ocrx_word' id='word_1_156' title='bbox 874 2580 912 2640; x_wconf 90' lang='lat' dir='ltr'><strong>de</strong></span> <span class='ocrx_word' id='word_1_157' title='bbox 934 2580 1176 2660; x_wconf 83' lang='lat' dir='ltr'><strong>vergaderinghe</strong></span> <span class='ocrx_word' id='word_1_158' title='bbox 1198 2581 1254 2642; x_wconf 91' lang='lat' dir='ltr'><strong>der</strong></span> <span class='ocrx_word' id='word_1_159' title='bbox 1275 2601 1358 2644; x_wconf 89' lang='lat' dir='ltr'><strong>men·</strong></span> 
     </span>
     <span class='ocr_line' id='line_1_21' title="bbox 214 2681 1359 2757; baseline 0.004 -15"><span class='ocrx_word' id='word_1_160' title='bbox 214 2681 340 2743; x_wconf 72' lang='lat' dir='ltr'><strong>eschen</strong></span> <span class='ocrx_word' id='word_1_161' title='bbox 368 2692 432 2743; x_wconf 90' lang='lat' dir='ltr'><strong>met</strong></span> <span class='ocrx_word' id='word_1_162' title='bbox 460 2682 556 2743; x_wconf 85' lang='lat' dir='ltr'><strong>haren</strong></span> <span class='ocrx_word' id='word_1_163' title='bbox 586 2683 675 2752; x_wconf 80' lang='lat' dir='ltr'><strong>zade,</strong></span> <span class='ocrx_word' id='word_1_164' title='bbox 704 2683 753 2743; x_wconf 90' lang='lat' dir='ltr'><strong>die</strong></span> <span class='ocrx_word' id='word_1_165' title='bbox 783 2703 840 2744; x_wconf 86' lang='lat' dir='ltr'><strong>ven</strong></span> <span class='ocrx_word' id='word_1_166' title='bbox 870 2701 966 2744; x_wconf 87' lang='lat' dir='ltr'><strong>enzen</strong></span> <span class='ocrx_word' id='word_1_167' title='bbox 991 2695 1111 2744; x_wconf 89' lang='lat' dir='ltr'><strong>eersten</strong></span> <span class='ocrx_word' id='word_1_168' title='bbox 1132 2685 1226 2746; x_wconf 84' lang='lat' dir='ltr'><strong>vader</strong></span> <span class='ocrx_word' id='word_1_169' title='bbox 1247 2685 1359 2757; x_wconf 84' lang='lat' dir='ltr'><strong>Adam,</strong></span> 
     </span>
     <span class='ocr_line' id='line_1_22' title="bbox 218 2785 1359 2870; baseline 0.004 -24"><span class='ocrx_word' id='word_1_170' title='bbox 218 2785 387 2868; x_wconf 78' lang='lat' dir='ltr'><strong>·»cett³),&#39;&#39;</strong></span> <span class='ocrx_word' id='word_1_171' title='bbox 419 2796 451 2848; x_wconf 87' lang='lat' dir='ltr'><strong>et</strong></span> <span class='ocrx_word' id='word_1_172' title='bbox 483 2787 555 2848; x_wconf 91' lang='lat' dir='ltr'><strong>alibi</strong></span> <span class='ocrx_word' id='word_1_173' title='bbox 584 2787 731 2866; x_wconf 89' lang='lat' dir='ltr'><strong>denique:</strong></span> <span class='ocrx_word' id='word_1_174' title='bbox 774 2785 856 2848; x_wconf 78' lang='lat' dir='ltr'><strong>»Hct</strong></span> <span class='ocrx_word' id='word_1_175' title='bbox 888 2787 1053 2848; x_wconf 91' lang='lat' dir='ltr'><strong>ouderdom</strong></span> <span class='ocrx_word' id='word_1_176' title='bbox 1087 2787 1142 2849; x_wconf 88' lang='lat' dir='ltr'><strong>der</strong></span> <span class='ocrx_word' id='word_1_177' title='bbox 1173 2789 1359 2870; x_wconf 84' lang='lat' dir='ltr'><strong>warachtige</strong></span> 
     </span>
     <span class='ocr_line' id='line_1_23' title="bbox 226 2888 1360 2971; baseline 0.006 -22"><span class='ocrx_word' id='word_1_178' title='bbox 226 2888 437 2970; x_wconf 71' lang='lat' dir='ltr'><strong>»Ghemeynte</strong></span> <span class='ocrx_word' id='word_1_179' title='bbox 460 2889 555 2959; x_wconf 85' lang='lat' dir='ltr'><strong>Gods,</strong></span> <span class='ocrx_word' id='word_1_180' title='bbox 578 2889 739 2952; x_wconf 88' lang='lat' dir='ltr'><strong>bekennen</strong></span> <span class='ocrx_word' id='word_1_181' title='bbox 762 2893 811 2966; x_wconf 87' lang='lat' dir='ltr'><strong>wij</strong></span> <span class='ocrx_word' id='word_1_182' title='bbox 835 2891 867 2950; x_wconf 92' lang='lat' dir='ltr'><strong>in</strong></span> <span class='ocrx_word' id='word_1_183' title='bbox 885 2891 944 2952; x_wconf 88' lang='lat' dir='ltr'><strong>den</strong></span> <span class='ocrx_word' id='word_1_184' title='bbox 964 2909 1037 2971; x_wconf 85' lang='lat' dir='ltr'><strong>rnep</strong></span> <span class='ocrx_word' id='word_1_185' title='bbox 1056 2909 1110 2953; x_wconf 92' lang='lat' dir='ltr'><strong>ons</strong></span> <span class='ocrx_word' id='word_1_186' title='bbox 1128 2903 1249 2954; x_wconf 88' lang='lat' dir='ltr'><strong>eersteu</strong></span> <span class='ocrx_word' id='word_1_187' title='bbox 1267 2895 1360 2956; x_wconf 87' lang='lat' dir='ltr'><strong>vader</strong></span> 
     </span>
     <span class='ocr_line' id='line_1_24' title="bbox 226 2991 1359 3074; baseline 0.013 -29"><span class='ocrx_word' id='word_1_188' title='bbox 226 2991 360 3052; x_wconf 82' lang='lat' dir='ltr'><strong>»Adams</strong></span> <span class='ocrx_word' id='word_1_189' title='bbox 392 3009 430 3050; x_wconf 89' lang='lat' dir='ltr'><strong>ne</strong></span> <span class='ocrx_word' id='word_1_190' title='bbox 463 3010 560 3070; x_wconf 90' lang='lat' dir='ltr'><strong>synen</strong></span> <span class='ocrx_word' id='word_1_191' title='bbox 592 2991 701 3073; x_wconf 63' lang='grc' dir='ltr'><strong>νε]1).”</strong></span> <span class='ocrx_word' id='word_1_192' title='bbox 755 2991 867 3062; x_wconf 87' lang='lat' dir='ltr'><strong>Quodsi</strong></span> <span class='ocrx_word' id='word_1_193' title='bbox 900 3011 974 3074; x_wconf 83' lang='lat' dir='ltr'><strong>crgo</strong></span> <span class='ocrx_word' id='word_1_194' title='bbox 1002 3003 1121 3055; x_wconf 86' lang='lat' dir='ltr'><strong>constat</strong></span> <span class='ocrx_word' id='word_1_195' title='bbox 1149 2994 1313 3060; x_wconf 84' lang='lat' dir='ltr'><strong>Ecclesiam</strong></span> <span class='ocrx_word' id='word_1_196' title='bbox 1342 3019 1359 3060; x_wconf 90' lang='lat' dir='ltr'><strong>e</strong></span> 
     </span>
    </p>
   </div>
   <div class='ocr_carea' id='block_1_5' title="bbox 126 3091 1359 3178">
    <p class='ocr_par' dir='ltr' id='par_1_6' title="bbox 126 3091 1359 3178">
     <span class='ocr_line' id='line_1_25' title="bbox 126 3091 1359 3178; baseline 0.006 -23"><span class='ocrx_word' id='word_1_197' title='bbox 126 3175 128 3178; x_wconf 22' lang='grc' dir='ltr'>Ι</span> <span class='ocrx_word' id='word_1_198' title='bbox 225 3103 328 3156; x_wconf 89' lang='lat' dir='ltr'><strong>mente</strong></span> <span class='ocrx_word' id='word_1_199' title='bbox 356 3091 441 3156; x_wconf 83' lang='lat' dir='ltr'><strong>Lusci</strong></span> <span class='ocrx_word' id='word_1_200' title='bbox 464 3096 612 3175; x_wconf 81' lang='lat' dir='ltr'><strong>originem</strong></span> <span class='ocrx_word' id='word_1_201' title='bbox 636 3095 758 3156; x_wconf 82' lang='lat' dir='ltr'><strong>duxisse</strong></span> <span class='ocrx_word' id='word_1_202' title='bbox 781 3115 797 3155; x_wconf 88' lang='lat' dir='ltr'><strong>a</strong></span> <span class='ocrx_word' id='word_1_203' title='bbox 819 3096 925 3156; x_wconf 94' lang='lat' dir='ltr'><strong>mundi</strong></span> <span class='ocrx_word' id='word_1_204' title='bbox 947 3094 1018 3158; x_wconf 90' lang='lat' dir='ltr'><strong>inde</strong></span> <span class='ocrx_word' id='word_1_205' title='bbox 1041 3097 1147 3168; x_wconf 89' lang='lat' dir='ltr'><strong>initio,</strong></span> <span class='ocrx_word' id='word_1_206' title='bbox 1172 3118 1210 3158; x_wconf 88' lang='lat' dir='ltr'><strong>ne</strong></span> <span class='ocrx_word' id='word_1_207' title='bbox 1233 3101 1265 3160; x_wconf 92' lang='lat' dir='ltr'><strong>in</strong></span> <span class='ocrx_word' id='word_1_208' title='bbox 1287 3121 1359 3163; x_wconf 84' lang='lat' dir='ltr'><strong>voce</strong></span> 
     </span>
    </p>
   </div>
   <div class='ocr_carea' id='block_1_6' title="bbox 227 3195 1378 3804">
    <p class='ocr_par' dir='ltr' id='par_1_7' title="bbox 227 3195 1378 3804">
     <span class='ocr_line' id='line_1_26' title="bbox 227 3195 1360 3269; baseline 0.011 -17"><span class='ocrx_word' id='word_1_209' title='bbox 227 3195 428 3260; x_wconf 65' lang='lat' dir='ltr'><strong>„Ecclesiae”</strong></span> <span class='ocrx_word' id='word_1_210' title='bbox 457 3197 563 3260; x_wconf 88' lang='lat' dir='ltr'><strong>ludere</strong></span> <span class='ocrx_word' id='word_1_211' title='bbox 592 3199 749 3269; x_wconf 88' lang='lat' dir='ltr'><strong>videatur,</strong></span> <span class='ocrx_word' id='word_1_212' title='bbox 778 3199 997 3260; x_wconf 85' lang='lat' dir='ltr'><strong>diversissimas</strong></span> <span class='ocrx_word' id='word_1_213' title='bbox 1025 3219 1073 3260; x_wconf 87' lang='lat' dir='ltr'><strong>res</strong></span> <span class='ocrx_word' id='word_1_214' title='bbox 1102 3202 1209 3263; x_wconf 88' lang='lat' dir='ltr'><strong>eodem</strong></span> <span class='ocrx_word' id='word_1_215' title='bbox 1238 3205 1360 3266; x_wconf 87' lang='lat' dir='ltr'><strong>numine</strong></span> 
     </span>
     <span class='ocr_line' id='line_1_27' title="bbox 227 3301 1361 3382; baseline 0.006 -20"><span class='ocrx_word' id='word_1_216' title='bbox 227 3301 502 3382; x_wconf 63' lang='lat' dir='ltr'><strong>comprehendens</strong></span> <span class='ocrx_word' id='word_1_217' title='bbox 535 3301 805 3364; x_wconf 87' lang='lat' dir='ltr'><strong>demonstrandum</strong></span> <span class='ocrx_word' id='word_1_218' title='bbox 838 3311 932 3362; x_wconf 81' lang='lat' dir='ltr'><strong>restat</strong></span> <span class='ocrx_word' id='word_1_219' title='bbox 961 3304 1073 3365; x_wconf 85' lang='lat' dir='ltr'><strong>veteris</strong></span> <span class='ocrx_word' id='word_1_220' title='bbox 1095 3307 1285 3367; x_wconf 85' lang='lat' dir='ltr'><strong>oeconomiae</strong></span> <span class='ocrx_word' id='word_1_221' title='bbox 1307 3307 1361 3370; x_wconf 87' lang='lat' dir='ltr'><strong>Ee·</strong></span> 
     </span>
     <span class='ocr_line' id='line_1_28' title="bbox 227 3397 1361 3478; baseline 0.005 -12"><span class='ocrx_word' id='word_1_222' title='bbox 227 3407 348 3466; x_wconf 87' lang='lat' dir='ltr'><strong>clesiam</strong></span> <span class='ocrx_word' id='word_1_223' title='bbox 377 3424 468 3466; x_wconf 85' lang='lat' dir='ltr'><strong>uuam</strong></span> <span class='ocrx_word' id='word_1_224' title='bbox 497 3405 589 3466; x_wconf 83' lang='lat' dir='ltr'><strong>luisse</strong></span> <span class='ocrx_word' id='word_1_225' title='bbox 617 3425 722 3466; x_wconf 87' lang='lat' dir='ltr'><strong>revera</strong></span> <span class='ocrx_word' id='word_1_226' title='bbox 746 3425 814 3466; x_wconf 92' lang='lat' dir='ltr'><strong>cum</strong></span> <span class='ocrx_word' id='word_1_227' title='bbox 836 3403 968 3466; x_wconf 84' lang='lat' dir='ltr'><strong>Ecclesia</strong></span> <span class='ocrx_word' id='word_1_228' title='bbox 990 3397 1176 3478; x_wconf 71' lang='lat' dir='ltr'><strong>Christiana,</strong></span> <span class='ocrx_word' id='word_1_229' title='bbox 1198 3419 1229 3470; x_wconf 89' lang='lat' dir='ltr'><strong>et</strong></span> <span class='ocrx_word' id='word_1_230' title='bbox 1250 3411 1361 3472; x_wconf 89' lang='lat' dir='ltr'><strong>utrius·</strong></span> 
     </span>
     <span class='ocr_line' id='line_1_29' title="bbox 228 3507 1362 3592; baseline 0.007 -23"><span class='ocrx_word' id='word_1_231' title='bbox 228 3527 286 3589; x_wconf 91' lang='lat' dir='ltr'><strong>que</strong></span> <span class='ocrx_word' id='word_1_232' title='bbox 312 3509 440 3572; x_wconf 89' lang='lat' dir='ltr'><strong>similem</strong></span> <span class='ocrx_word' id='word_1_233' title='bbox 462 3527 527 3570; x_wconf 89' lang='lat' dir='ltr'><strong>esse</strong></span> <span class='ocrx_word' id='word_1_234' title='bbox 556 3509 594 3571; x_wconf 88' lang='lat' dir='ltr'><strong>ad</strong></span> <span class='ocrx_word' id='word_1_235' title='bbox 621 3507 775 3570; x_wconf 84' lang='lat' dir='ltr'><strong>Christum</strong></span> <span class='ocrx_word' id='word_1_236' title='bbox 797 3511 985 3571; x_wconf 84' lang='lat' dir='ltr'><strong>relationem.</strong></span> <span class='ocrx_word' id='word_1_237' title='bbox 1028 3510 1083 3572; x_wconf 90' lang='lat' dir='ltr'><strong>Hie</strong></span> <span class='ocrx_word' id='word_1_238' title='bbox 1105 3531 1226 3592; x_wconf 91' lang='lat' dir='ltr'><strong>quoque</strong></span> <span class='ocrx_word' id='word_1_239' title='bbox 1248 3514 1362 3578; x_wconf 86' lang='lat' dir='ltr'><strong>diserta</strong></span> 
     </span>
     <span class='ocr_line' id='line_1_30' title="bbox 228 3612 1361 3696; baseline 0.008 -23"><span class='ocrx_word' id='word_1_240' title='bbox 228 3613 245 3672; x_wconf 79' lang='grc'><strong>1</strong></span> <span class='ocrx_word' id='word_1_241' title='bbox 266 3612 360 3674; x_wconf 85' lang='lat' dir='ltr'><strong>Lusco</strong></span> <span class='ocrx_word' id='word_1_242' title='bbox 385 3613 473 3674; x_wconf 86' lang='lat' dir='ltr'><strong>uobis</strong></span> <span class='ocrx_word' id='word_1_243' title='bbox 498 3613 671 3696; x_wconf 89' lang='lat' dir='ltr'><strong>suppeditat</strong></span> <span class='ocrx_word' id='word_1_244' title='bbox 697 3614 806 3684; x_wconf 86' lang='lat' dir='ltr'><strong>verba,</strong></span> <span class='ocrx_word' id='word_1_245' title='bbox 834 3634 912 3696; x_wconf 87' lang='lat' dir='ltr'><strong>quae</strong></span> <span class='ocrx_word' id='word_1_246' title='bbox 934 3633 1054 3676; x_wconf 87' lang='lat' dir='ltr'><strong>ornnem</strong></span> <span class='ocrx_word' id='word_1_247' title='bbox 1075 3613 1298 3680; x_wconf 87' lang='lat' dir='ltr'><strong>dubitationem</strong></span> <span class='ocrx_word' id='word_1_248' title='bbox 1320 3621 1361 3682; x_wconf 84' lang='lat' dir='ltr'><strong>la·</strong></span> 
     </span>
     <span class='ocr_line' id='line_1_31' title="bbox 229 3716 1378 3804; baseline 0.008 -26"><span class='ocrx_word' id='word_1_249' title='bbox 229 3718 285 3778; x_wconf 90' lang='lat' dir='ltr'><strong>cile</strong></span> <span class='ocrx_word' id='word_1_250' title='bbox 314 3718 434 3779; x_wconf 86' lang='lat' dir='ltr'><strong>tollunt.</strong></span> <span class='ocrx_word' id='word_1_251' title='bbox 477 3716 584 3778; x_wconf 83' lang='lat' dir='ltr'><strong>»Unus</strong></span> <span class='ocrx_word' id='word_1_252' title='bbox 606 3727 697 3797; x_wconf 86' lang='lat' dir='ltr'><strong>atque</strong></span> <span class='ocrx_word' id='word_1_253' title='bbox 719 3718 800 3778; x_wconf 91' lang='lat' dir='ltr'><strong>idem</strong></span> <span class='ocrx_word' id='word_1_254' title='bbox 821 3719 981 3798; x_wconf 86' lang='lat' dir='ltr'><strong>utriusque</strong></span> <span class='ocrx_word' id='word_1_255' title='bbox 1002 3717 1156 3782; x_wconf 86' lang='lat' dir='ltr'><strong>Ecclesiae</strong></span> <span class='ocrx_word' id='word_1_256' title='bbox 1177 3720 1273 3794; x_wconf 87' lang='lat' dir='ltr'><strong>Deus,</strong></span> <span class='ocrx_word' id='word_1_257' title='bbox 1301 3742 1378 3804; x_wconf 86' lang='lat' dir='ltr'><strong>unu¹</strong></span> 
     </span>
    </p>
   </div>
   <div class='ocr_carea' id='block_1_7' title="bbox 231 3905 1365 4632">
    <p class='ocr_par' dir='ltr' id='par_1_8' title="bbox 270 3905 901 3972">
     <span class='ocr_line' id='line_1_32' title="bbox 270 3905 901 3972; baseline 0 -16"><span class='ocrx_word' id='word_1_258' title='bbox 270 3905 290 3969; x_wconf 78' lang='lat'><strong>⁷)</strong></span> <span class='ocrx_word' id='word_1_259' title='bbox 308 3907 394 3956; x_wconf 79' lang='lat' dir='ltr'><strong>Formo</strong></span> <span class='ocrx_word' id='word_1_260' title='bbox 412 3922 441 3956; x_wconf 85' lang='lat' dir='ltr'><strong>ne</strong></span> <span class='ocrx_word' id='word_1_261' title='bbox 457 3906 520 3956; x_wconf 79' lang='lat' dir='ltr'><strong>ratio</strong></span> <span class='ocrx_word' id='word_1_262' title='bbox 538 3906 593 3956; x_wconf 81' lang='lat' dir='ltr'><strong>min.</strong></span> <span class='ocrx_word' id='word_1_263' title='bbox 610 3906 686 3958; x_wconf 77' lang='lat' dir='ltr'><strong>Lonel.</strong></span> <span class='ocrx_word' id='word_1_264' title='bbox 703 3921 727 3972; x_wconf 84' lang='lat' dir='ltr'><strong>p.</strong></span> <span class='ocrx_word' id='word_1_265' title='bbox 745 3905 804 3957; x_wconf 79' lang='lat' dir='ltr'><strong>tte.</strong></span> <span class='ocrx_word' id='word_1_266' title='bbox 899 3937 901 3940; x_wconf 95' lang='lat'>-</span> 
     </span>
    </p>

    <p class='ocr_par' dir='ltr' id='par_1_9' title="bbox 231 3983 1364 4302">
     <span class='ocr_line' id='line_1_33' title="bbox 269 3983 1362 4056; baseline 0.005 -18"><span class='ocrx_word' id='word_1_267' title='bbox 269 3987 290 4054; x_wconf 79' lang='grc'><strong>8)</strong></span> <span class='ocrx_word' id='word_1_268' title='bbox 308 3990 344 4040; x_wconf 89' lang='lat' dir='ltr'><strong>Ib.</strong></span> <span class='ocrx_word' id='word_1_269' title='bbox 362 4006 386 4054; x_wconf 81' lang='lat' dir='ltr'><strong>p,</strong></span> <span class='ocrx_word' id='word_1_270' title='bbox 404 3989 450 4050; x_wconf 88' lang='grc'><strong>50,</strong></span> <span class='ocrx_word' id='word_1_271' title='bbox 471 3990 515 4050; x_wconf 85' lang='grc'><strong>53,</strong></span> <span class='ocrx_word' id='word_1_272' title='bbox 540 3991 585 4050; x_wconf 89' lang='grc'><strong>55,</strong></span> <span class='ocrx_word' id='word_1_273' title='bbox 608 3990 653 4050; x_wconf 86' lang='grc'><strong>80,</strong></span> <span class='ocrx_word' id='word_1_274' title='bbox 677 3988 718 4050; x_wconf 84' lang='grc'><strong>97,</strong></span> <span class='ocrx_word' id='word_1_275' title='bbox 739 3989 784 4050; x_wconf 82' lang='grc'><strong>08,</strong></span> <span class='ocrx_word' id='word_1_276' title='bbox 809 3989 871 4051; x_wconf 85' lang='grc'><strong>106,</strong></span> <span class='ocrx_word' id='word_1_277' title='bbox 895 3986 952 4048; x_wconf 83' lang='grc'><strong>107,</strong></span> <span class='ocrx_word' id='word_1_278' title='bbox 976 3983 1037 4050; x_wconf 81' lang='grc'><strong>100,</strong></span> <span class='ocrx_word' id='word_1_279' title='bbox 1062 3983 1124 4050; x_wconf 76' lang='lat'><strong>126,</strong></span> <span class='ocrx_word' id='word_1_280' title='bbox 1143 3987 1204 4051; x_wconf 80' lang='lat'><strong>130,</strong></span> <span class='ocrx_word' id='word_1_281' title='bbox 1223 3987 1283 4051; x_wconf 80' lang='grc'><strong>101,</strong></span> <span class='ocrx_word' id='word_1_282' title='bbox 1303 3991 1362 4056; x_wconf 77' lang='lat'>132,</span> 
     </span>
     <span class='ocr_line' id='line_1_34' title="bbox 232 4069 1364 4141; baseline 0.006 -19"><span class='ocrx_word' id='word_1_283' title='bbox 232 4069 293 4132; x_wconf 79' lang='lat'>184,</span> <span class='ocrx_word' id='word_1_284' title='bbox 316 4073 377 4131; x_wconf 72' lang='lat'><strong>1663</strong></span> <span class='ocrx_word' id='word_1_285' title='bbox 400 4069 650 4122; x_wconf 67' lang='lat' dir='ltr'><strong>meduanae</strong></span> <span class='ocrx_word' id='word_1_286' title='bbox 671 4073 776 4122; x_wconf 79' lang='lat' dir='ltr'><strong>Sacrum.</strong></span> <span class='ocrx_word' id='word_1_287' title='bbox 799 4071 858 4133; x_wconf 77' lang='lat' dir='ltr'><strong>alh,</strong></span> <span class='ocrx_word' id='word_1_288' title='bbox 880 4072 936 4131; x_wconf 74' lang='lat'><strong>23⁸,</strong></span> <span class='ocrx_word' id='word_1_289' title='bbox 957 4072 1010 4122; x_wconf 73' lang='lat'><strong>40¹.</strong></span> <span class='ocrx_word' id='word_1_290' title='bbox 1035 4073 1087 4124; x_wconf 79' lang='lat' dir='ltr'><strong>Uul.</strong></span> <span class='ocrx_word' id='word_1_291' title='bbox 1108 4070 1184 4126; x_wconf 75' lang='lat' dir='ltr'><strong>Lend</strong></span> <span class='ocrx_word' id='word_1_292' title='bbox 1205 4075 1261 4126; x_wconf 79' lang='lat' dir='ltr'><strong>moi.</strong></span> <span class='ocrx_word' id='word_1_293' title='bbox 1282 4089 1306 4141; x_wconf 86' lang='lat' dir='ltr'><strong>p.</strong></span> <span class='ocrx_word' id='word_1_294' title='bbox 1325 4077 1364 4130; x_wconf 87' lang='grc'><strong>60.</strong></span> 
     </span>
     <span class='ocr_line' id='line_1_35' title="bbox 231 4152 1363 4220; baseline 0.005 -17"><span class='ocrx_word' id='word_1_295' title='bbox 231 4155 328 4219; x_wconf 79' lang='lat' dir='ltr'><strong>passim.</strong></span> <span class='ocrx_word' id='word_1_296' title='bbox 349 4155 388 4204; x_wconf 87' lang='lat' dir='ltr'><strong>De</strong></span> <span class='ocrx_word' id='word_1_297' title='bbox 403 4155 569 4206; x_wconf 78' lang='lat' dir='ltr'><strong>incarnatione</strong></span> <span class='ocrx_word' id='word_1_298' title='bbox 591 4153 681 4204; x_wconf 72' lang='lat' dir='ltr'><strong>enne</strong></span> <span class='ocrx_word' id='word_1_299' title='bbox 702 4155 730 4204; x_wconf 83' lang='grc' dir='ltr'><strong>Ο.</strong></span> <span class='ocrx_word' id='word_1_300' title='bbox 748 4167 773 4206; x_wconf 77' lang='lat' dir='ltr'><strong>V.</strong></span> <span class='ocrx_word' id='word_1_301' title='bbox 791 4173 816 4218; x_wconf 76' lang='grc' dir='ltr'><strong>γ.</strong></span> <span class='ocrx_word' id='word_1_302' title='bbox 840 4152 885 4220; x_wconf 64' lang='lat' dir='ltr'><strong>Epa</strong></span> <span class='ocrx_word' id='word_1_303' title='bbox 903 4153 938 4204; x_wconf 79' lang='lat' dir='ltr'><strong>nd</strong></span> <span class='ocrx_word' id='word_1_304' title='bbox 956 4153 1042 4206; x_wconf 78' lang='lat' dir='ltr'><strong>Ohrt‘el.</strong></span> <span class='ocrx_word' id='word_1_305' title='bbox 1062 4154 1111 4204; x_wconf 89' lang='lat' dir='ltr'><strong>III.</strong></span> <span class='ocrx_word' id='word_1_306' title='bbox 1130 4155 1189 4218; x_wconf 77' lang='lat' dir='ltr'><strong>(der.</strong></span> <span class='ocrx_word' id='word_1_307' title='bbox 1207 4161 1257 4208; x_wconf 79' lang='lat' dir='ltr'><strong>ant.</strong></span> <span class='ocrx_word' id='word_1_308' title='bbox 1275 4155 1309 4210; x_wconf 88' lang='lat'><strong>11.</strong></span> <span class='ocrx_word' id='word_1_309' title='bbox 1328 4159 1363 4210; x_wconf 70' lang='lat'><strong>2¹.</strong></span> 
     </span>
     <span class='ocr_line' id='line_1_36' title="bbox 234 4224 1229 4302; baseline 0.005 -16"><span class='ocrx_word' id='word_1_310' title='bbox 234 4235 775 4302; x_wconf 56' lang='lat' dir='ltr'><strong>emmmmmmmmn</strong></span> <span class='ocrx_word' id='word_1_311' title='bbox 1227 4224 1229 4228; x_wconf 83' lang='lat'>&#39;</span> 
     </span>
    </p>

    <p class='ocr_par' dir='ltr' id='par_1_10' title="bbox 272 4317 1365 4389">
     <span class='ocr_line' id='line_1_37' title="bbox 272 4317 1365 4389; baseline 0.005 -21"><span class='ocrx_word' id='word_1_312' title='bbox 272 4319 291 4379; x_wconf 82' lang='lat'><strong>⁹)</strong></span> <span class='ocrx_word' id='word_1_313' title='bbox 309 4317 396 4368; x_wconf 80' lang='lat' dir='ltr'><strong>Formo</strong></span> <span class='ocrx_word' id='word_1_314' title='bbox 413 4333 442 4368; x_wconf 85' lang='lat' dir='ltr'><strong>ne</strong></span> <span class='ocrx_word' id='word_1_315' title='bbox 458 4318 521 4368; x_wconf 77' lang='lat' dir='ltr'><strong>ratio</strong></span> <span class='ocrx_word' id='word_1_316' title='bbox 538 4319 593 4368; x_wconf 80' lang='lat' dir='ltr'><strong>nin.</strong></span> <span class='ocrx_word' id='word_1_317' title='bbox 612 4317 687 4370; x_wconf 79' lang='lat' dir='ltr'><strong>lond.</strong></span> <span class='ocrx_word' id='word_1_318' title='bbox 705 4335 728 4384; x_wconf 85' lang='lat' dir='ltr'><strong>p.</strong></span> <span class='ocrx_word' id='word_1_319' title='bbox 742 4319 799 4368; x_wconf 79' lang='lat'><strong>398.</strong></span> <span class='ocrx_word' id='word_1_320' title='bbox 868 4318 888 4381; x_wconf 86' lang='grc'><strong>1)</strong></span> <span class='ocrx_word' id='word_1_321' title='bbox 905 4319 991 4370; x_wconf 71' lang='lat' dir='ltr'><strong>Formo</strong></span> <span class='ocrx_word' id='word_1_322' title='bbox 1003 4334 1032 4369; x_wconf 85' lang='lat' dir='ltr'><strong>nc</strong></span> <span class='ocrx_word' id='word_1_323' title='bbox 1042 4319 1106 4371; x_wconf 83' lang='lat' dir='ltr'><strong>rnla&#39;o</strong></span> <span class='ocrx_word' id='word_1_324' title='bbox 1118 4319 1173 4371; x_wconf 79' lang='lat' dir='ltr'><strong>min.</strong></span> <span class='ocrx_word' id='word_1_325' title='bbox 1185 4317 1259 4374; x_wconf 74' lang='lat' dir='ltr'><strong>nand.</strong></span> <span class='ocrx_word' id='word_1_326' title='bbox 1272 4339 1295 4389; x_wconf 87' lang='lat' dir='ltr'><strong>p.</strong></span> <span class='ocrx_word' id='word_1_327' title='bbox 1308 4321 1365 4378; x_wconf 81' lang='lat'>176.</span> 
     </span>
    </p>

    <p class='ocr_par' dir='ltr' id='par_1_11' title="bbox 272 4398 1277 4469">
     <span class='ocr_line' id='line_1_38' title="bbox 272 4398 1277 4469; baseline 0.005 -21"><span class='ocrx_word' id='word_1_328' title='bbox 272 4400 292 4462; x_wconf 73' lang='lat'><strong>²)</strong></span> <span class='ocrx_word' id='word_1_329' title='bbox 312 4400 365 4450; x_wconf 80' lang='lat' dir='ltr'><strong>Cat.</strong></span> <span class='ocrx_word' id='word_1_330' title='bbox 382 4401 457 4452; x_wconf 77' lang='lat' dir='ltr'><strong>Laud.</strong></span> <span class='ocrx_word' id='word_1_331' title='bbox 475 4401 531 4451; x_wconf 82' lang='lat' dir='ltr'><strong>nni.</strong></span> <span class='ocrx_word' id='word_1_332' title='bbox 548 4415 572 4464; x_wconf 82' lang='lat' dir='ltr'><strong>p.</strong></span> <span class='ocrx_word' id='word_1_333' title='bbox 591 4398 631 4452; x_wconf 85' lang='lat' dir='ltr'><strong>le.</strong></span> <span class='ocrx_word' id='word_1_334' title='bbox 698 4399 719 4462; x_wconf 70' lang='grc'><strong>3)</strong></span> <span class='ocrx_word' id='word_1_335' title='bbox 739 4399 805 4466; x_wconf 78' lang='lat' dir='ltr'><strong>Gens.</strong></span> <span class='ocrx_word' id='word_1_336' title='bbox 816 4400 886 4467; x_wconf 82' lang='lat' dir='ltr'><strong>fidei.</strong></span> <span class='ocrx_word' id='word_1_337' title='bbox 903 4417 928 4466; x_wconf 86' lang='lat' dir='ltr'><strong>p.</strong></span> <span class='ocrx_word' id='word_1_338' title='bbox 946 4400 999 4452; x_wconf 78' lang='lat' dir='ltr'><strong>nub.</strong></span> <span class='ocrx_word' id='word_1_339' title='bbox 1018 4403 1152 4464; x_wconf 70' lang='lat' dir='ltr'><strong>(flunmen.</strong></span> <span class='ocrx_word' id='word_1_340' title='bbox 1169 4419 1193 4469; x_wconf 87' lang='lat' dir='ltr'><strong>p.</strong></span> <span class='ocrx_word' id='word_1_341' title='bbox 1211 4403 1277 4467; x_wconf 78' lang='lat'>274.)</span> 
     </span>
    </p>

    <p class='ocr_par' dir='ltr' id='par_1_12' title="bbox 233 4481 1365 4632">
     <span class='ocr_line' id='line_1_39' title="bbox 273 4481 1365 4557; baseline 0.006 -24"><span class='ocrx_word' id='word_1_342' title='bbox 273 4483 293 4544; x_wconf 90' lang='lat'><strong>⁴)</strong></span> <span class='ocrx_word' id='word_1_343' title='bbox 316 4481 382 4548; x_wconf 68' lang='lat' dir='ltr'><strong>Confi</strong></span> <span class='ocrx_word' id='word_1_344' title='bbox 392 4482 463 4549; x_wconf 74' lang='lat' dir='ltr'><strong>fidei.</strong></span> <span class='ocrx_word' id='word_1_345' title='bbox 481 4498 506 4547; x_wconf 80' lang='lat' dir='ltr'><strong>p.</strong></span> <span class='ocrx_word' id='word_1_346' title='bbox 523 4487 548 4532; x_wconf 84' lang='lat'><strong>4.</strong></span> <span class='ocrx_word' id='word_1_347' title='bbox 564 4491 682 4531; x_wconf 69' lang='lat' dir='ltr'><strong>nantuel</strong></span> <span class='ocrx_word' id='word_1_348' title='bbox 698 4498 722 4547; x_wconf 84' lang='lat' dir='ltr'><strong>p.</strong></span> <span class='ocrx_word' id='word_1_349' title='bbox 739 4481 816 4546; x_wconf 71' lang='grc'>235).</span> <span class='ocrx_word' id='word_1_350' title='bbox 839 4481 876 4534; x_wconf 81' lang='lat' dir='ltr'><strong>Ol.</strong></span> <span class='ocrx_word' id='word_1_351' title='bbox 893 4485 979 4534; x_wconf 81' lang='lat' dir='ltr'><strong>Formo</strong></span> <span class='ocrx_word' id='word_1_352' title='bbox 997 4500 1026 4535; x_wconf 83' lang='lat' dir='ltr'><strong>ne</strong></span> <span class='ocrx_word' id='word_1_353' title='bbox 1041 4489 1088 4536; x_wconf 80' lang='lat' dir='ltr'><strong>rel.</strong></span> <span class='ocrx_word' id='word_1_354' title='bbox 1105 4486 1161 4537; x_wconf 83' lang='lat' dir='ltr'><strong>min.</strong></span> <span class='ocrx_word' id='word_1_355' title='bbox 1181 4485 1256 4538; x_wconf 70' lang='lat' dir='ltr'><strong>hond.</strong></span> <span class='ocrx_word' id='word_1_356' title='bbox 1274 4503 1298 4557; x_wconf 85' lang='lat' dir='ltr'><strong>p.</strong></span> <span class='ocrx_word' id='word_1_357' title='bbox 1316 4485 1365 4540; x_wconf 84' lang='lat' dir='ltr'><strong>let</strong></span> 
     </span>
     <span class='ocr_line' id='line_1_40' title="bbox 233 4560 1186 4632; baseline 0.003 -19"><span class='ocrx_word' id='word_1_358' title='bbox 233 4565 259 4614; x_wconf 85' lang='lat' dir='ltr'><strong>el</strong></span> <span class='ocrx_word' id='word_1_359' title='bbox 275 4565 320 4630; x_wconf 83' lang='lat' dir='ltr'><strong>Ep.</strong></span> <span class='ocrx_word' id='word_1_360' title='bbox 339 4565 374 4616; x_wconf 84' lang='lat' dir='ltr'><strong>nd</strong></span> <span class='ocrx_word' id='word_1_361' title='bbox 390 4567 443 4616; x_wconf 80' lang='lat' dir='ltr'><strong>Sen.</strong></span> <span class='ocrx_word' id='word_1_362' title='bbox 460 4566 514 4618; x_wconf 82' lang='lat' dir='ltr'><strong>Pol.</strong></span> <span class='ocrx_word' id='word_1_363' title='bbox 535 4567 594 4629; x_wconf 81' lang='lat' dir='ltr'><strong>(Ser.</strong></span> <span class='ocrx_word' id='word_1_364' title='bbox 612 4565 729 4619; x_wconf 82' lang='lat' dir='ltr'><strong>ant.111.</strong></span> <span class='ocrx_word' id='word_1_365' title='bbox 748 4567 783 4617; x_wconf 71' lang='lat'><strong>1².</strong></span> <span class='ocrx_word' id='word_1_366' title='bbox 800 4560 828 4632; x_wconf 60' lang='lat' dir='ltr'><strong>p(</strong></span> <span class='ocrx_word' id='word_1_367' title='bbox 841 4565 903 4628; x_wconf 90' lang='grc'><strong>100,</strong></span> <span class='ocrx_word' id='word_1_368' title='bbox 922 4565 997 4632; x_wconf 83' lang='grc'><strong>101).</strong></span> <span class='ocrx_word' id='word_1_369' title='bbox 1184 4586 1186 4590; x_wconf 94' lang='grc'><em>·</em></span> 
     </span>
    </p>
   </div>
   <div class='ocr_carea' id='block_1_8' title="bbox 0 0 1639 5100">
    <p class='ocr_par' dir='ltr' id='par_1_13' title="bbox 0 0 1639 5100">
     <span class='ocr_line' id='line_1_41' title="bbox 0 0 1639 5100; baseline 0 0"><span class='ocrx_word' id='word_1_370' title='bbox 0 0 1639 5100; x_wconf 95' lang='lat' dir='ltr'><strong> </strong></span> 
     </span>
    </p>
   </div>
  </div>
 </body>
</html>
