3240 5100
736 327 795 387 117

203 523 246 583 iris
273 524 399 603 Apostoli
419 531 446 584 et
467 525 688 605 Eneapelislee,
709 534 737 587 et
757 528 837 588 Petri
857 529 892 588 cle
915 516 1027 589 Christe
1048 531 1225 608 consessione
1245 529 1333 590 velati

201 629 233 688 in
261 647 331 690 nece
360 631 523 690 summatim
550 631 813 710 comprehenditur,
836 633 982 693 Ecclesiae
1004 634 1088 694 sociis
1110 634 1228 694 ossanna
1246 647 1331 712 prae

201 731 343 792 silentione
363 733 521 794 anrrnntiet.
564 735 661 814 Annae
679 754 767 814 porro
789 736 922 796 tinctione
943 737 974 796 in
997 737 1191 816 baptismo
1214 744 1332 797 testatm·

201 836 283 896 mobis
307 836 384 897 Dens
411 843 540 898 nostrane
567 839 599 898 in
628 837 776 899 Ecclesiae
804 859 906 920 corpas
930 841 1111 910 insitionem,
1137 847 1167 901 ot
1189 861 1209 901 s.
1232 857 1333 900 coenae

200 959 270 1009 aser,
292 941 360 1000 iarn
380 943 437 1022 fiale
459 941 485 1000 ei
502 942 729 1022 participamur,
751 953 879 1004 nostram
901 965 963 1006 cerm
982 944 1096 1006 Christo
1114 945 1193 1005 llam
1212 961 1332 1004 cernma·

201 1046 314 1105 nionem
341 1045 458 1105 coelilns
484 1046 566 1106 nolis
592 1047 730 1126 ohsipnat.
773 1048 818 1109 Ne
839 1055 934 1108 tamen
955 1049 1085 1108 socordia
1106 1055 1207 1108 nestra
1228 1049 1333 1108 incertos

201 1150 314 1228 qnando
336 1149 372 1208 ab
393 1148 485 1226 officie
506 1151 690 1221 desistamns,
711 1153 795 1212 inssit
817 1153 964 1213 Ecclesiae
980 1153 1069 1213 socios
1090 1153 1332 1233 disciplinae

201 1273 272 1313 usu
300 1252 451 1314 enlrorlari
479 1275 538 1315 sese
561 1256 680 1316 invicem
710 1265 736 1317 et
764 1257 950 1318 enstimnlare
971 1257 1124 1327 alacriter,
1153 1264 1185 1316 nt
1206 1275 1225 1317 a
1245 1255 1334 1316 deviis

202 1359 377 1438 testamento
401 1361 449 1440 qni
475 1368 571 1421 anilem
599 1363 790 1440 correptiores
819 1370 898 1433 sarit,
928 1381 1014 1442 arram
1034 1369 1065 1422 nt
1088 1369 1146 1422 lem
1168 1361 1227 1422 leni
1247 1361 1334 1422 merli·

203 1465 269 1524 cina
291 1471 443 1534 sancnlnr,
473 1464 620 1525 Ecclesiae
640 1466 799 1526 ministerio
820 1467 950 1544 deferre,
975 1474 1006 1527 at
1028 1467 1251 1535 admoneantur,
1272 1483 1333 1526 cas-

203 1567 342 1646 tipenlnr,
364 1586 383 1628 a
404 1586 491 1628 coena
512 1577 682 1639 arceantur,
704 1579 866 1630 resecentur
885 1571 1006 1650 deniqne
1028 1571 1064 1630 ah
1083 1569 1231 1629 Ecolisioe
1250 1569 1334 1629 socie·

203 1678 275 1740 tate,
304 1671 330 1731 si
347 1673 489 1751 perelnrat
509 1673 677 1742 obstinatio,
699 1674 853 1752 resectione
873 1681 1024 1742 maneant,
1046 1674 1134 1734 donec
1155 1673 1334 1752 resipiscant.

203 1774 329 1854 Denipne
357 1773 506 1836 Ecclesiae
534 1777 609 1837 Dens
638 1778 716 1837 leelil
738 1777 964 1838 tabularum
985 1779 1277 1846 ministerium,
1305 1785 1337 1836 nt

202 1879 340 1938 alimenta
368 1881 498 1940 ernrrihns
522 1881 636 1958 paritor
660 1881 804 1942 ministris
833 1883 892 1942 snis
910 1881 1062 1960 proeaees,
1091 1883 1198 1942 cnltnrn
1219 1880 1274 1940 Dei
1295 1897 1337 1939 sc·

204 1982 334 2041 lemniler
361 1991 539 2060 promovent,
573 1991 599 2044 et
631 2003 781 2061 epenornm
809 1985 938 2063 inopiae,
972 1993 1030 2046 tam
1056 1985 1219 2064 spirituali,
1252 2001 1337 2063 qnam

203 2085 361 2163 corporali,
382 2093 583 2164 qnserotnmpote
605 2087 759 2148 snboeniet.

689 2327 872 2336 ψ..-

631 2501 810 2576 CAPUT
842 2503 906 2576 IV.

601 2693 811 2736 ECCLESIAE
839 2694 950 2737 scalt.

713 2879 841 2887 1--2-r—

596 3046 616 3128 5
638 3049 664 3106 l.
708 3045 855 3107 Ecclesiae
877 3047 953 3107 socii.

245 3232 382 3293 Civitatis
410 3234 440 3292 in
471 3231 601 3292 Ecclesia
627 3231 797 3292 Christiana
823 3234 870 3292 ins
896 3234 933 3295 ad
960 3251 1063 3293 omnes
1084 3233 1226 3295 mortales
1247 3229 1338 3311 perti·

205 3347 273 3406 net,
306 3349 411 3398 »want
438 3337 490 3396 het
520 3336 683 3416 Evangelia
706 3338 805 3396 werdt
828 3337 906 3396 allen
929 3337 1092 3397 menschen
1116 3333 1337 3412 verkondight,

206 3441 359 3520 »ghelyck
389 3441 443 3500 het
475 3442 532 3500 alle
563 3441 727 3500 menschen
758 3442 789 3500 in
819 3440 888 3500 hcm
918 3441 1114 3521 hegrijpt¹l.”
1157 3439 1214 3501 Ubi
1244 3439 1338 3518 igitur

206 3545 367 3604 »instituta
397 3555 442 3603 est
468 3543 577 3604 alicubi
607 3544 737 3604 Ecclesia
768 3545 896 3614 Christi,
922 3547 957 3604 in
984 3565 1042 3624 qua
1071 3565 1137 3604 earn
1166 3545 1260 3622 ipsam
1283 3540 1337 3600 nei

206 3667 332 3709 »vacem
362 3667 469 3708 sonare
492 3648 646 3730 audimus,
675 3667 729 3708 nos
751 3649 795 3708 illi
818 3651 956 3728 protinus
978 3669 1046 3708 eum
1069 3648 1223 3708 alacritate
1247 3645 1339 3704 animi

207 3765 260 3814 set
283 3746 451 3832 gratiarum
481 3752 583 3811 sedula
613 3753 729 3810 actione
760 3753 958 3831 adiungamus
971 3753 1030 3832 2);”
1059 3771 1128 3812 nam
1151 3751 1251 3812 aditus
1272 3749 1339 3808 nni·

207 3857 315 3936 cuique
338 3865 421 3936 patet
443 3867 474 3915 et
497 3855 534 3914 ah
555 3854 762 3914 Ecclesiastica
783 3858 926 3916 societate
950 3856 1030 3935 quod
1052 3857 1083 3914 in
1106 3875 1137 3915 se
1159 3854 1239 3914 lleas
1258 3861 1340 3912 arcet

207 3962 367 4032 neminem.
410 3958 453 4020 Ne
486 3971 586 4020 tamen
617 3960 694 4018 ovile
726 3959 777 4019 llei
808 3962 838 4020 in
867 3961 1071 4039 improborum
1101 3959 1340 4020 coniurationem

207 4047 427 4132 eonvertatur,
447 4065 599 4123 societatis
621 4063 847 4132 Ecclesiastieae
871 4065 917 4124 ius
940 4065 1078 4144 protinus
1100 4065 1260 4130 amittunt,
1289 4061 1341 4140 qui

207 4171 245 4228 ob
271 4186 442 4248 perversam
468 4169 567 4226 cordis
589 4168 731 4228 duritiem
755 4189 770 4227 a
794 4147 963 4228 ministerio
985 4187 1023 4226 ex
1045 4167 1225 4227 auctoritate
1248 4165 1342 4224 lolius

208 4271 340 4332 Ecclesia
363 4272 662 4332 excommunicantur
684 4283 714 4332 et
737 4273 901 4332 traduntur
924 4271 1061 4332 Satanae.
1099 4271 1147 4332 Sic
1169 4285 1289 4350 qnoque
1311 4268 1342 4326 in

249 4513 268 4573 ¹)
289 4513 340 4562 cot.
358 4512 432 4562 Leni.
451 4513 506 4561 mai.
524 4529 546 4577 p.
566 4513 606 4570 80,
624 4513 660 4563 Cf.
677 4513 762 4564 Forma
780 4531 809 4563 ac
825 4519 872 4565 rnl.
890 4517 945 4564 min.
962 4515 1036 4563 lond.
1054 4528 1078 4576 p.
1097 4513 1154 4567 377.

247 4594 267 4655 ²)
287 4595 373 4644 Forma
390 4609 419 4644 ae
436 4598 482 4643 rai.
502 4595 556 4644 inin.
576 4595 651 4644 Lcncl.
668 4611 691 4658 p.
711 4597 766 4646 166.
785 4596 872 4646 elsio.
892 4597 948 4644 161.
967 4598 1003 4645 De
1020 4597 1092 4646 otissa
1105 4596 1193 4660 papali
1208 4609 1231 4658 p.
1251 4593 1290 4643 12.

1200 4681 1242 4720 lt·
