3240 5100
820 277 882 341 tto

283 498 318 549 ut
361 505 442 547 »una
468 505 537 546 aum
565 504 659 566 pane,
688 485 707 545 i.
729 502 755 544 e.
784 483 892 544 eodem
914 483 979 564 ipso
1001 492 1153 564 temporo,
1179 505 1240 566 quo
1261 486 1332 569 pani
1354 505 1420 549 coe·

283 610 362 652 »nae
384 591 611 670 participamus,
628 588 732 649 adesse
750 587 837 647 nobis
854 588 939 647 iuxta
958 587 1030 649 fidei
1048 590 1249 668 praesentiam
1267 590 1421 652 Christum

284 695 466 758 »Dominum
479 694 549 775 ⁸⁹),''
578 712 640 754 non
670 693 755 772 quasi
784 693 847 771 ipse
874 691 1012 752 Christus
1041 693 1183 754 deorsum
1213 695 1250 755 ad
1277 713 1332 754 nos
1354 695 1419 756 des·

283 801 443 868 conderet,
472 799 526 860 sed
568 797 743 860 »subvectis
765 815 884 856 sursum
907 796 1148 859 animisnostris
1171 799 1201 858 in
1221 799 1417 881 eoelum⁶⁰).''

282 904 336 965 Est
365 913 466 964 tamen
488 903 563 964 haee
585 903 651 964 eius
673 920 742 962 oum
764 899 883 960 Christo
905 902 936 961 in
959 919 1052 961 ooena
1071 903 1243 963 communio
1265 923 1281 963 a
1304 904 1419 965 Calvini

283 1007 435 1070 sententia
461 1008 549 1087 plane
578 1007 713 1074 diverse,
742 1024 812 1066 nam
834 1006 937 1066 dedita
961 1023 1050 1086 opera
1073 1007 1207 1067 ostendit
1249 1008 1352 1068 »intra
1373 1007 1418 1066 ab·

283 1111 478 1192 „stpaaataais
505 1111 598 1172 finem
628 1111 727 1170 arania
756 1119 943 1170 sacramenta
973 1111 1181 1171 concludenda
1212 1111 1359 1192 esse⁶¹).”
1387 1121 1418 1171 et

282 1217 397 1278 Caluini
420 1216 578 1276 formulam
601 1232 631 1273 se
654 1232 691 1274 ea
707 1223 825 1274 tantum
845 1226 931 1293 paeto
949 1232 1032 1274 suam
1051 1215 1150 1274 iacere
1167 1232 1251 1294 posse
1269 1216 1418 1284 declarat,

283 1321 330 1381 »si
349 1319 407 1398 suh
424 1319 558 1399 eorporis
574 1307 703 1378 nomine'
717 1335 778 1377 non
801 1317 942 1396 equidem
962 1317 1026 1397 ipsa
1052 1319 1185 1397 eorporis
1196 1318 1364 1380 substantia
1376 1327 1419 1377 at·

282 1440 366 1500 »quo
396 1437 461 1480 ossa
490 1419 601 1480 Christi
631 1417 731 1487 Dom..
760 1419 813 1478 sed
843 1420 943 1498 potius
971 1420 1144 1480 communio
1173 1421 1306 1500 eorporis
1325 1422 1419 1502 ipsius

282 1524 494 1604 »intelligatur
504 1519 581 1601 ⁶²),''
603 1530 635 1580 et
675 1517 827 1579 »aetatem
847 1521 1012 1582 idem'esse
1034 1521 1166 1591 dicatur,
1195 1523 1277 1602 quod
1299 1523 1330 1583 in
1352 1543 1419 1605 pro-

282 1637 410 1708 „spectu
432 1627 496 1706 ipso
518 1622 662 1683 constitui
686 1641 719 1682 ao
742 1622 807 1681 sisti
819 1621 889 1702 ⁶³).''
933 1621 1020 1691 Quod
1042 1624 1123 1683 anim
1146 1623 1288 1686 Calvinus
1309 1629 1420 1689 aeriter

281 1749 400 1811 semper
421 1727 574 1795 defendit,
596 1745 650 1806 per
672 1724 763 1785 fidem
782 1725 896 1784 animas
914 1734 1032 1784 nostras
1051 1724 1161 1786 Christi
1180 1745 1304 1806 corpore
1323 1732 1418 1800 vesci,

281 1834 351 1896 ideo
373 1833 487 1900 reiicit,
510 1831 591 1911 quod
624 1847 695 1890 »res
717 1829 829 1908 alioqui
853 1847 1015 1908 corporeae
1038 1829 1069 1888 in
1092 1829 1259 1890 substantia
1283 1851 1336 1892 sua
1359 1833 1418 1896 fide

281 1937 417 2017 »percipi
440 1955 500 1996 non
523 1943 663 2015 possunt;
685 1951 785 2010 neque
808 1933 889 1992 enim
911 1931 986 1993 fides
1008 1933 1086 1992 eirea
1109 1952 1158 1993 res
1176 1927 1335 2014 'corporeas
1353 1957 1418 1998 rer·

282 2050 389 2102 »satur
400 2039 468 2119 44).”
512 2036 567 2098 Vei
596 2038 769 2097 sie'tamen
795 2053 847 2096 eos
876 2054 996 2114 quoque
1018 2046 1142 2096 strenue
1165 2038 1338 2118 redarguit,
1368 2043 1419 2118 qui

281 2144 401 2206 nonnisi
464 2142 566 2203 »nuda
606 2151 724 2202 tantum
760 2140 854 2220 signa,
878 2139 1015 2199 exhiheri
1054 2140 1237 2221 nohis⁸⁵),’'
1275 2143 1420 2212 doceant,

281 2257 326 2316 et,
354 2266 536 2326 quamquam
562 2255 645 2306 totus
673 2245 786 2324 ubique
810 2253 856 2304 est
882 2244 913 2303 in
935 2263 989 2304 suo
1010 2263 1079 2304 eum
1101 2243 1278 2324 Augustana
1300 2245 1418 2306 Confes-

282 2352 366 2412 sione
388 2353 432 2432 (2⁶
454 2350 522 2431 Ed.)
544 2368 692 2411 consensu
715 2349 781 2408 aliis
803 2367 922 2428 quoque
941 2349 1161 2428 probando⁶⁶)‚
1185 2360 1286 2410 tamen
1306 2349 1418 2412 Luthe-

278 2473 422 2516 ranorum
445 2452 840 2532 consubstantiationem⁸⁷)
859 2472 919 2514 una
938 2471 1005 2513 oum
1025 2453 1235 2514 delitescentia
1246 2455 1286 2536 44)
1303 2464 1335 2514 et
1353 2454 1417 2515 ubi·

279 2559 463 2639 quitate⁶⁹)‚
492 2575 554 2618 non
583 2557 683 2616 minus
709 2556 825 2616 infense
854 2575 1014 2636 aggressus
1048 2567 1110 2626 est,
1147 2577 1237 2636 quam
1264 2559 1417 2619 transsub-

278 2663 505 2723 stantiationem
535 2660 829 2739 Romanensiumu).
878 2659 1043 2721 Consensui
1074 2661 1220 2741 Tigurino
1249 2661 1297 2744 (ai.
1325 2663 1417 2740 1549)

277 2776 383 2828 eontra
413 2765 562 2826 calculum
594 2783 682 2824 suum
712 2763 888 2844 addiditfl).
910 2798 950 2809 —
977 2765 1018 2825 5⁰.
1044 2765 1192 2836 Quaenam
1217 2765 1240 2825 a·
1265 2765 1417 2826 inhaereat

305 3060 336 3122 ⁵⁹)
355 3059 433 3108 Series
449 3060 501 3109 eall.
520 3074 540 3110 a.
558 3058 659 3107 Braatio
678 3057 806 3118 (maranus.
825 3057 846 3108 Ι.
865 3058 940 3119 691.)

305 3141 337 3205 40)
356 3143 456 3206 Parpat.
474 3143 530 3190 mia.
548 3139 661 3206 Francos.
678 3155 702 3204 p.
721 3140 760 3188 54.
781 3140 847 3205 Oonf.
866 3139 895 3188 de
915 3139 1003 3189 Cariati
1019 3140 1124 3204 corporis
1139 3141 1178 3190 sai
1195 3141 1248 3190 eale.
1266 3155 1289 3204 p.
1308 3141 1330 3190 3.

305 3226 337 3288 ⁶¹)
356 3227 400 3289 Ep.
419 3223 453 3273 ad
468 3223 535 3272 Ball.
554 3223 613 3282 (Ser.
631 3225 681 3272 ant.
700 3220 743 3270 IV.
761 3222 796 3272 14.
814 3223 890 3284 468).

305 3309 337 3371 44)
358 3306 426 3372 Coaf.
444 3305 474 3354 de
493 3304 581 3352 atrata·
597 3304 702 3368 eorporis
713 3304 752 3352 aui
763 3305 816 3353 aad.
829 3319 852 3368 p.
865 3305 888 3354 1.
899 3303 935 3354 of.
948 3305 992 3369 Ep.
1002 3303 1036 3354 ad
1043 3305 1109 3355 Ball.
1123 3306 1184 3367 (Sar.
1193 3309 1243 3356 ant.
1252 3305 1295 3354 IV.
1305 3305 1340 3355 14.
1350 3305 1417 3368 483.)

305 3390 336 3453 44)
359 3389 427 3455 Coaf.
445 3387 475 3436 de
493 3387 583 3436 Christi
599 3387 705 3452 carpor-ia
724 3386 763 3435 aui
779 3387 833 3436 aaa.
850 3402 874 3451 p.
893 3388 916 3437 1.

305 3471 336 3533 ⁶⁴)
359 3470 437 3520 araca.
454 3468 485 3518 de
501 3469 606 3518 Sacram.
623 3484 647 3532 p.
666 3467 736 3519 1264.
1245 3477 1247 3484 ’

304 3553 336 3614 44)
360 3555 413 3601 Cat.
437 3551 513 3600 Laod.
536 3551 591 3600 mai.
614 3565 639 3614 p.
664 3550 703 3599 94.
728 3549 765 3599 ef.
787 3549 821 3599 ib.
847 3551 904 3602 163.
929 3549 1014 3601 Forma
1030 3567 1059 3600 aa
1074 3555 1122 3601 rat.
1143 3551 1198 3600 mia.
1216 3549 1293 3604 Load.
1310 3566 1334 3616 p.
1355 3551 1417 3612 203,

276 3635 339 3692 213,
357 3635 414 3684 250.

305 3717 336 3778 ⁶⁸)
353 3717 454 3778 Parpat.
471 3713 526 3762 min.
548 3711 660 3779 Franarp‘.
677 3731 700 3780 p.
717 3714 755 3764 66.
773 3716 816 3780 ap.
834 3715 868 3765 ad
883 3717 936 3766 Sea.
965 3715 1076 3782 Fraacrrf
1096 3717 1153 3779 (Sar.
1171 3721 1221 3767 ant.
1239 3716 1275 3766 II.
1293 3715 1328 3765 24.
1341 3715 1417 3775 796).

275 3799 320 3863 Ep.
338 3797 373 3847 ad
388 3793 513 3846 Breatiam
531 3794 593 3855 (Ser.
612 3801 661 3846 aat.
679 3795 714 3846 11.
733 3797 767 3847 2³.
785 3796 862 3860 799).

304 3879 335 3942 ⁶⁷)
357 3877 436 3929 Traet.
448 3875 478 3925 de
489 3878 594 3927 Sacram.
607 3876 774 3931 1174-1214.
790 3880 848 3928 Call.
860 3895 880 3929 c.
892 3881 1029 3944 Noviomap.
1043 3881 1133 3946 (Simpl.
1145 3881 1226 3946 aafid.
1238 3897 1303 3932 narr.
1315 3897 1339 3946 p·
1352 3881 1411 3944 79.)

304 3960 336 4025 48)
354 3963 428 4026 Parp.
448 3962 504 4011 mia.
525 3961 639 4026 Francos.
658 3976 683 4025 p.
702 3962 746 4021 15,
765 3961 809 4020 22,
828 3961 871 4024 23,
890 3963 935 4023 94,
953 3965 999 4024 49,
1018 3964 1057 4014 51.
1075 3965 1120 4028 Ep.
1138 3963 1214 4014 dedic.
1234 3963 1260 4012 in
1277 3965 1364 4015 Forma
1383 3981 1413 4014 ae

274 4050 322 4096 rat.
340 4046 395 4095 mia.
413 4043 489 4094 tona.
506 4059 530 4108 p.
548 4043 589 4092 49.

302 4127 334 4188 ⁶⁹)
351 4127 426 4191 Purp.
443 4128 499 4176 min.
516 4127 629 4192 Francos.
646 4143 669 4192 p.
687 4128 733 4188 49,
753 4127 791 4178 59.
814 4127 892 4179 Traat.
910 4129 941 4178 de
957 4129 1062 4180 Sacram.
1079 4144 1103 4194 p.
1121 4126 1212 4178 13244.

302 4206 334 4269 74)
356 4205 434 4256 Traat.
451 4208 481 4256 de
497 4209 602 4258 Sacram
619 4225 643 4273 p.
665 4208 830 4264 1154-1114.
847 4212 892 4276 Ep.
910 4212 944 4262 ad
959 4213 1024 4262 aaa.
1041 4212 1084 4261 VI.
1104 4211 1137 4263 ib.
1156 4227 1181 4276 p.
1200 4213 1222 4262 5.
1240 4212 1285 4276 Ep.
1299 4211 1334 4260 ad
1344 4212 1410 4261 Ball.

274 4291 338 4351 (Ser.
355 4292 406 4337 aad.
425 4288 468 4337 IV.
486 4290 520 4338 14.
539 4290 615 4351 483).

301 4368 333 4431 ⁷¹)
354 4371 401 4434 Ep.
423 4369 457 4418 ad
477 4371 543 4420 Ball.
565 4372 625 4432 (Sar.
647 4377 698 4421 aad.
718 4373 761 4424 IV.
780 4376 814 4426 14.
835 4376 911 4439 468.)
935 4375 970 4426 Os.
989 4392 1058 4441 porro
1075 4378 1099 4427 in
1117 4377 1244 4426 universo:
1261 4377 1335 4440 Purp.
1353 4375 1409 4426 min.

273 4451 385 4518 Francos.
398 4467 422 4516 p.
438 4453 482 4512 15,
501 4453 612 4514 22-24‚
630 4453 674 4514 34,
692 4457 737 4517 48,
756 4459 799 4517 49,
819 4460 862 4520 51,
882 4460 920 4510 69.
943 4458 1022 4510 Praei.
1039 4461 1069 4511 de
1088 4463 1193 4513 Sacram
1210 4463 1267 4522 994,
1279 4456 1341 4519 444,
1353 4458 1409 4520 994,

272 4535 329 4605 994,
351 4535 407 4604 934,
431 4533 489 4596 954,
512 4537 586 4608 1994,
610 4538 783 4610 llas-leth.
805 4539 880 4604 1264,
904 4539 979 4606 1314,
1002 4543 1075 4606 reeb,
1099 4543 1173 4600 1334,
1197 4545 1267 4604 1384,
1293 4541 1361 4610 Cons-
1381 4543 1411 4593 de
