3228 5102
729 305 769 368 et

185 497 315 562 sessione
342 499 395 564 Dei
424 501 596 584 Christique
624 523 734 568 nomen
764 505 932 568 celebraret
954 505 1123 586 aliqnando.
1166 501 1229 566 Hoc
1250 513 1316 566 ton·

184 612 249 664 tum
278 605 334 666 sibi
361 607 441 668 vult:
467 605 666 688 Euangelium
690 609 746 670 toti
767 608 902 670 hnmano
923 609 1027 689 generi
1050 609 1203 672 »oblatum
1225 608 1263 670 iri
1284 607 1319 670 in

185 709 416 772 »testimonium
437 711 578 773 omnibns
595 713 808 794 gentibus⁹),'’
828 715 886 778 otsi
905 712 1071 775 »Diabolus
1084 723 1114 774 ot
1132 712 1219 792 impii
1231 729 1317 774 num·

185 831 297 891 squam
315 813 450 877 delusuri
466 815 530 878 ¹sint
548 834 643 896 usquc
661 817 700 880 ad
718 814 1022 900 finen'diemm10).”
1063 815 1118 880 Illo
1135 815 1250 880 funesti
1266 813 1316 876 die

186 915 345 978 »Christus
373 919 530 998 apparebit
556 921 590 980 in
608 921 724 982 mundo
744 922 783 982 ad
804 921 1033 1001 exsequendum
1053 920 1199 982 iudicium
1221 917 1318 980 sillia

187 1017 299 1082 »Patro
324 1023 516 1092 mandatum,
543 1033 576 1087 ct
603 1035 740 1088 setonam
759 1043 827 1088 cum
849 1025 949 1104 inpiis
970 1024 1109 1086 omnibus
1130 1028 1320 1103 prosternet»

187 1133 244 1186 »ut
265 1125 297 1188 in
318 1125 452 1205 ipsorum
474 1127 570 1190 exitio
590 1125 644 1188 Dei
666 1129 761 1208 gloria
783 1129 822 1190 sit
844 1127 1080 1210 conspicua¹¹l.'’
1121 1125 1156 1188 ln
1174 1129 1319 1215 promptu

187 1237 234 1288 est
264 1229 433 1300 isciusmodi
464 1233 704 1312 exspectationes
740 1251 845 1294 omncs
875 1241 937 1294 tem
968 1233 1075 1294 intime
1107 1250 1176 1292 cum
1207 1227 1320 1290 Christi

188 1333 327 1411 parensis
356 1351 422 1396 csse
449 1335 641 1404 coniunctas,
672 1345 705 1396 ut
732 1336 854 1396 nonnisi
875 1337 986 1397 iniuria
1008 1336 1047 1396 acl
1068 1336 1197 1396 irlcalem
1219 1331 1321 1393 Eccle-

188 1435 250 1496 siae
278 1435 467 1498 reserrentur
494 1439 659 1501 notionem.
701 1438 744 1500 De
766 1457 840 1519 qua,
862 1441 919 1500 etsi
937 1441 990 1501 vin¹
1010 1459 1043 1500 ac
1064 1458 1104 1500 nc
1124 1438 1177 1500 vir
1198 1436 1322 1516 quidem

76 1601 78 1605 ,
189 1541 366 1620 cogitavisse
387 1541 527 1602 videatur
548 1541 702 1612 Calvinus,
724 1543 772 1604 vel
795 1543 837 1603 sic
859 1553 961 1603 tamen
983 1544 1049 1603 cius
1070 1541 1252 1602 sententiam
1269 1558 1321 1600 au·

189 1661 298 1724 gurare
327 1645 548 1724 quodammodo
576 1646 647 1706 licet
676 1665 714 1706 cx
736 1646 788 1716 iis,
810 1665 887 1726 quac
909 1646 947 1706 ad
969 1645 1010 1706 lo.
1032 1643 1066 1705 X.
1089 1645 1127 1706 tu
1150 1642 1323 1732 annotavit:

190 1745 293 1807 »Haec
321 1747 413 1808 verba
441 1747 628 1828 significant,
649 1747 702 1808 uhi
731 1748 835 1809 subest
863 1750 917 1810 uni
945 1748 1065 1809 Christo
1088 1746 1237 1816 Ecclesia,
1258 1745 1324 1806 cius

190 1851 340 1930 »imperio
361 1861 462 1930 paret,
483 1851 683 1934 doctrinaeque
703 1853 860 1922 auscultet,
885 1863 958 1912 tunc
979 1852 1102 1913 demum
1123 1853 1182 1912 rite
1204 1865 1322 1928 compo-

191 1955 304 2014 »situm
326 1973 390 2014 essc
412 1955 477 2014 cius
498 1966 610 2016 statum
631 1955 692 2037 ¹¹).''
734 1953 841 2016 Melius
861 1956 953 2016 etiam
975 1967 1108 2016 mentem
1131 1953 1224 2034 ipsius
1246 1968 1324 2012 assc-

191 2057 312 2136 quimur
340 2058 371 2118 in
399 2059 541 2138 epistola,
563 2077 652 2138 quam
673 2059 755 2121 misit
777 2059 815 2120 ad
844 2058 1056 2128 Cranmcrum,
1077 2058 1130 2118 ubi
1152 2076 1222 2138 prae
1245 2064 1324 2115 cete·

190 2161 232 2220 ris
253 2169 361 2220 notatu
382 2161 474 2240 digna
495 2159 571 2221 haec
593 2162 684 2222 verba
706 2163 866 2242 leguntur:
899 2172 1010 2240 »atque
1031 2161 1148 2222 utinam
1166 2157 1324 2239 impetrari

191 2276 327 2343 »possem
348 2273 383 2324 ut
404 2265 437 2324 in
459 2265 558 2324 locum
581 2265 712 2344 aliquem
734 2265 815 2326 docti
837 2275 997 2344 etgraves
1019 2264 1076 2325 viri
1099 2283 1136 2324 ex
1158 2261 1327 2344 praecipuis

191 2363 355 2426 »Ecclesiis
376 2368 509 2438 coirent,
531 2387 564 2428 ac
586 2368 713 2448 singulis
734 2367 806 2428 fidei
828 2367 977 2448 capitibus
995 2367 1159 2448 diligenter
1177 2365 1326 2434 excussis,

192 2470 250 2530 »de
270 2471 411 2532 commoni
431 2471 557 2535 amttam
579 2471 720 2534 sententio
741 2477 847 2532 certum
861 2470 984 2550 postca-is
1002 2471 1150 2532 truderent
1167 2468 1327 2547 scripturae

83 2605 86 2614 ,
192 2573 430 2656 »metrummrt
472 2574 506 2636 ln
528 2562 637 2654 quihus
660 2575 800 2638 omnibus
820 2575 932 2638 mirum
955 2583 1026 2634 sanc
1048 2574 1132 2634 dictu
1149 2582 1215 2640 cst,
1237 2589 1327 2650 quam

192 2678 315 2758 egregie
337 2677 394 2740 sibi
416 2677 557 2740 Calvinus
577 2678 765 2748 constiterit,
793 2687 824 2740 et
845 2678 961 2739 stabilis
983 2678 1024 2738 sit
1044 2677 1111 2738 eius
1132 2677 1163 2738 in
1185 2690 1239 2736 sua
1261 2693 1327 2736 sen·

194 2781 291 2840 tentia
318 2783 499 2862 permansio.
549 2779 715 2851 Nimirum,
751 2800 840 2861 quam
870 2782 930 2842 altc
958 2779 1009 2842 hic
1038 2791 1157 2860 quoquc
1190 2779 1328 2840 tloctrina

193 2903 282 2946 suum
303 2896 395 2966 caput
417 2887 559 2956 extollat,
588 2886 667 2966 ipsa,
697 2884 942 2964 quibuscum,
971 2884 1064 2946 rerba
1088 2882 1328 2946 luculentissime

195 2989 375 3061 ostendunt,
410 3000 441 3051 ct
475 3009 546 3050 sune
575 2991 606 3050 in
635 2987 784 3059 Ecclesia,
820 2990 868 3050 cui
904 2989 1030 3050 ultimus
1057 2987 1126 3050 linis
1157 2987 1328 3068 propositus

194 3101 258 3164 cst,
285 3103 320 3154 ut
347 3113 402 3174 per
427 3093 629 3157 indubitatam
659 3093 709 3154 ab.
725 3093 831 3156 electis
859 3092 1016 3154 doctrinae
1039 3091 1215 3171 praestitum
1237 3088 1328 3150 fidem

194 3196 253 3258 rite
276 3197 393 3258 coletur
415 3195 510 3267 Deus,
532 3195 775 3277 perlectitudinis
800 3203 912 3258 metam
930 3194 1101 3258 necessarie
1122 3193 1154 3255 in
1171 3192 1329 3274 purissima

195 3297 352 3360 doctrinae
373 3299 537 3360 serenitate
559 3297 687 3378 positam
708 3314 789 3367 esse,
810 3297 920 3360 clamat
940 3313 990 3360 res
1011 3295 1084 3376 ipsa.

706 3547 814 3558 nan—n—

541 3731 756 3795 concinuo-
773 3729 920 3794 currus
941 3730 976 3792 n.
1079 3695 1082 3702 ’

239 3917 372 3980 Ecclesia
392 3917 499 3998 duplus
520 3924 579 3980 cst:
600 3951 641 3966 -κ
661 3919 756 3980 elluo
777 3915 1022 4002 invisibilis,
1044 3919 1332 3994 paoecetcooprapoe

200 4021 239 4083 tio
267 4022 325 4083 aiae
345 4039 448 4102 corpus
468 4021 620 4086 electorum
637 4021 751 4102 puriter
772 4019 913 4091 maiam,
942 4018 1006 4082 siae
1023 4017 1085 4079 cllo
1108 4016 1162 4080 loci
1183 4016 1240 4081 sue
1264 4024 1331 4082 teo

242 4301 261 4364 ⁹)
281 4300 367 4351 Oomm.
383 4299 410 4350 ic
426 4291 514 4350 Masta.
532 4294 620 4349 XXIV.
638 4299 671 4349 14
688 4301 713 4349 el
729 4297 764 4348 ad
778 4297 849 4350 Acta.
866 4295 888 4348 Ι.
906 4297 930 4346 6.

230 4382 262 4445 ¹⁰)
282 4384 367 4434 Comm.
385 4381 449 4431 ad'l
471 4381 509 4431 Co.
527 4379 578 4431 XV.
597 4380 636 4430 28.

230 4464 262 4528 ¹¹)
282 4465 367 4516 Comae.
385 4461 449 4513 acll
471 4461 508 4512 Co.
527 4460 578 4514 XV.
595 4458 637 4522 27,
655 4460 694 4510 28.
712 4460 742 4510 ci.
762 4459 845 4512 Oamm.
863 4458 898 4510 col
914 4459 929 4508 2
946 4459 989 4509 Pe.
1007 4455 1055 4510 ΙΙΙ.
1073 4459 1098 4512 9ι

230 4546 263 4610 ¹²)
282 4546 366 4599 Comm.
384 4543 419 4596 ool
434 4543 469 4597 Io.
487 4541 517 4593 X.
535 4542 575 4591 16.
676 4541 707 4604 ¹³)
726 4542 772 4607 Ep.
791 4542 857 4594 Cala.
874 4541 922 4606 Op.
938 4540 1006 4594 'Pom
1022 4538 1080 4594 Ixr.
1097 4555 1121 4604 p.
1139 4540 1180 4591 61.

1107 4655 1144 4666 ,Α
1204 4625 1234 4662 a·
