3228 5102
754 303 777 364 3

200 490 342 556 dicemus.
386 493 484 564 Quum
506 496 637 578 denique
657 501 688 562 in
711 503 813 566 verbis
834 506 949 568 Caluini
971 507 1137 570 efferendis
1154 507 1266 589 duplex
1287 521 1338 588 pc·

200 606 280 658 teret
302 599 367 668 vie,
389 609 423 658 ut
445 610 497 660 aut
520 620 557 662 sc.
581 603 728 682 ipsissima
750 609 841 670 verbu
864 612 1015 673 nectendo
1036 613 1069 672 iu
1090 622 1208 674 textum
1225 611 1338 672 insere·

199 719 318 771 remus,
341 711 393 764 eut
405 713 510 766 centra
529 705 724 768 reiiceremus
745 710 776 770 in
791 713 975 792 marginem,
996 715 1096 794 petius
1112 713 1276 776 habuimus
1294 714 1338 794 lp·

112 806 114 810 ’
200 821 267 864 sum
285 803 440 868 Celsinum
458 808 520 869 suis
538 811 633 871 veluti
652 813 754 874 verbis
771 815 949 895 loquentem
967 818 1176 888 introducere,
1192 827 1230 878 nt
1243 817 1339 898 mgis

200 908 349 974 ehiective
383 910 498 974 Gulvini
530 925 723 992 premeretur
754 921 922 992 sententie,
955 931 987 984 et
1018 923 1110 984 simul
1138 923 1233 984 etiam
1258 938 1337 982 ectu·

199 1013 311 1092 pendis
332 1015 430 1078 iretur
451 1019 633 1082 consultum.

675 1263 858 1278 m

631 1463 840 1558 suello
874 1469 905 1558 l.

283 1703 464 1750 EXPONI'I'UR
486 1705 511 1751 J.
536 1705 666 1752 GALVINI
689 1708 732 1752 DE
754 1709 902 1756 EOCLESIA
925 1710 1110 1772 SENTENTIA,
1136 1709 1252 1772 quens

494 1819 514 1866 E
537 1818 674 1866 scmus
696 1819 797 1867 IPSIUS
821 1821 1047 1868 coemoscmllt.

702 2025 833 2036 -ι-ι

268 2167 310 2228 lle
330 2155 475 2244 seriebus,
495 2167 572 2228 unde
586 2167 740 2230 -Emleriue
759 2170 892 2230 notitiem
914 2169 1105 2232 hauriendum
1126 2170 1267 2232 statuerit

243 2375 413 2454 Antequam
439 2376 476 2436 ud
498 2377 593 2456 ipsam
616 2375 862 2458 Ecclesielugiem
883 2375 998 2439 Celrini
1019 2388 1225 2447 transeamus,
1247 2377 1340 2439 verbe

202 2479 364 2540 dicendum
393 2488 439 2538 est
468 2478 683 2550 delentibus,
710 2481 792 2542 unde
822 2501 911 2542 verne
933 2480 1085 2543 Ecclesiae
1105 2483 1246 2542 netitium
1266 2481 1339 2544 hum

202 2582 338 2642 ciendam
366 2599 431 2642 esse
460 2584 618 2652 statuerit,
647 2585 711 2645 sive
736 2587 839 2664 petius
859 2586 898 2646 de
920 2603 1041 2654 norme,
1069 2585 1108 2646 ed
1130 2605 1219 2664 quum
1241 2583 1367 2645 certe

202 2686 315 2746 tienem
352 2684 515 2746 Ecclesiam
547 2689 701 2748 censuerit
731 2689 968 2759 instituendum,
1004 2699 1040 2750 ut
1071 2689 1149 2749 bene
1182 2688 1222 2748 eb
1251 2689 1341 2749 initio

200 2798 336 2859 constet,
357 2809 518 2869 quemnam
547 2792 579 2851 in
601 2811 636 2851 ee
665 2809 698 2852 re
721 2794 933 2854 auctoritatem
955 2793 1067 2854 veteris
1089 2791 1233 2853 ecclesiae
1256 2793 1340 2862 usui,

202 2912 363 2973 quemnam
384 2913 486 2954 seeree
509 2896 691 2974 scripturae,
714 2913 875 2975 quemnam
893 2894 1025 2976 denique
1044 2896 1156 2958 reticui
1174 2895 1341 2965 humente,

202 2999 265 3058 sive
291 2997 498 3078 philosophiae
527 2997 678 3059 tribuerit.
722 2998 819 3060 Aliter
847 3001 1000 3061 censuisse
1028 2998 1185 3060 Calvinum
1214 2998 1246 3058 in
1275 2998 1341 3058 teli·

202 3100 274 3170 bus,
296 3101 385 3160 eliter
406 3101 518 3179 egisse,
540 3101 651 3161 mirum
672 3120 794 3163 movere
816 3121 878 3163 non
899 3112 1007 3182 potest.
1048 3101 1162 3162 Nature
1184 3121 1288 3164 rerum
1309 3101 1341 3162 id

200 3205 279 3292 ¹sert,
300 3214 335 3264 ut
360 3204 533 3283 quicunque
561 3205 703 3266 inciderit
725 3207 756 3266 in
779 3225 830 3266 eas
851 3207 1039 3268 saeculorum
1061 3207 1188 3279 ἐποχὰς,
1216 3205 1270 3266 ubi
1290 3223 1340 3266 res

202 3308 368 3377 humanae,
397 3309 429 3367 in
455 3307 590 3368 deterius
618 3327 737 3388 semper
765 3327 842 3388 quiue
871 3309 987 3389 pielelri
1012 3308 1208 3378 viderentur,
1234 3309 1342 3388 neecpi

203 3422 276 3472 nuto
298 3412 486 3491 repentinum
508 3411 658 3472 subierint
680 3413 947 3472 commutationem
970 3422 1001 3473 et
1029 3413 1133 3472 diuino
1154 3412 1250 3472 veluti
1279 3413 1342 3473 ictu

202 3515 235 3576 in
256 3516 414 3576 meliorem
433 3515 511 3574 viem
537 3515 679 3576 inductae
702 3516 780 3586 sint,
805 3517 996 3578 tenacissime
1021 3516 1224 3578 necessarium
1250 3525 1341 3594 etque

204 3620 254 3681 vix
275 3620 480 3698 interruptum
499 3619 745 3698 praecedentium
768 3621 958 3680 saeculorum
980 3639 1101 3682 cursum
1123 3629 1341 3701 prosequetur,

204 3725 277 3784 dum
302 3733 407 3784 contre
436 3741 537 3783 rerum
568 3723 704 3784 ordinem
734 3723 918 3803 infringere,
948 3731 982 3782 et
1001 3724 1117 3792 emnia,
1146 3742 1225 3802 quae
1245 3723 1343 3800 infeli·

204 3829 283 3888 cium
318 3829 439 3890 illorum
468 3839 639 3910 temporum
668 3827 785 3888 fructus
814 3847 879 3889 esse
908 3828 1067 3898 ridentur,
1104 3843 1215 3906 susque
1244 3826 1342 3908 deque

204 3942 325 3994 vertere
347 3934 404 3994 sibi
427 3933 524 4014 fingit.
568 3931 616 3994 Sic
638 3943 742 3994 noster
763 3952 883 4014 queque
903 3931 1090 4013 Pepisterum
1112 3931 1343 3994 innerutienum

204 4037 272 4116 plus
293 4056 382 4116 quem
408 4047 566 4116 pertaesus
586 4035 748 4098 Ecclesium
772 4038 810 4098 ed
838 4038 996 4117 pristinum
1018 4037 1183 4116 puritatem
1205 4044 1343 4105 revocet,

205 4143 265 4202 »ud
297 4142 381 4200 illem
408 4138 559 4201 Ecclesiae
588 4141 731 4211 formem,
767 4161 855 4220 quum
886 4141 1013 4221 apostoli
1042 4140 1282 4209 constituerunt,
1311 4139 1343 4200 in

205 4263 344 4328 nque...
367 4245 490 4304 unicum
515 4243 663 4304 habemus
685 4263 775 4305 verae
804 4243 957 4305 Ecclesiae
987 4241 1155 4325 exemplar,
1184 4261 1201 4303 e
1230 4261 1291 4326 que
1319 4243 1344 4304 si

206 4349 295 4429 »quis
328 4349 376 4410 vel
409 4349 533 4408 mimine
562 4346 714 4418 deflectit,
749 4345 932 4429 uberret¹).”
980 4345 1145 4411 Ecclesiam
1172 4343 1226 4408 llei
1255 4346 1344 4409 unice

198 4493 493 4515 pauc-*m*

235 4563 255 4628 ¹)
272 4517 403 4631 Bessum
419 4562 454 4615 cd
468 4574 558 4615 senon.
575 4563 643 4617 Tum.
660 4564 730 4618 llll.
747 4580 771 4630 μ
789 4564 858 4622 ιω,
921 4591 924 4600 .
1000 4591 1004 4598 .
