3228 5102
282 538 388 602 qistros,
406 537 450 601 qui
466 535 501 584 ad
516 536 596 585 scolae
615 534 777 600 ltreoloqicce
797 550 836 586 me
850 541 1038 602 praepararent.
1069 533 1171 594 Quodsi
1189 534 1344 584 veliementer
1359 536 1431 602 proti

283 630 367 678 animi
381 629 490 693 impetus
511 629 545 676 Te
562 642 656 692 quoque
673 629 823 676 nominatim
837 629 982 692 compellare
997 642 1035 674 me
1051 627 1175 691 impellit,
1201 627 1364 686 Clarissimo,
1381 628 1430 675 iuro

284 728 309 770 et
323 719 460 768 Oarissime
474 719 510 767 de
530 720 548 765 V
554 719 586 766 ri
593 716 644 766 es!
651 753 659 779 ,
675 733 722 776 ¹cur
737 725 818 766 tamen
829 719 1044 779 reticeremelim,
1062 720 1234 782 quammultis
1248 720 1430 783 exquisitisque

285 820 309 861 et
326 811 493 876 rneqniloquis
508 811 549 857 uti
568 809 652 857 verbis
667 812 696 858 in
713 812 794 858 animi
809 812 860 858 mei
874 826 934 875 crqa
954 811 989 858 Ta
1002 812 1128 858 sententia
1147 809 1320 876 testificanda,
1337 812 1430 858 melius

286 905 325 952 Ta
346 905 492 967 intelliqes,
517 917 591 966 quem
612 915 656 966 eqo
677 902 767 952 dicem.
803 903 857 951 Nee
877 903 941 968 quid
964 903 1039 950 Patri
1057 917 1109 950 meo
1122 902 1220 950 debeam
1227 903 1323 963 filius,
1343 904 1429 967 palam

286 997 369 1045 uerbis
395 996 502 1059 eloquar.
542 995 664 1055 Gratias,
690 994 855 1042 dilectissime
881 994 1017 1042 studiorum
1043 1009 1151 1042 meorum
1177 993 1229 1042 dua
1256 1009 1284 1042 ac
1305 989 1429 1057 patrone!

287 1089 400 1136 sinceras
421 1088 506 1150 accipe
527 1068 646 1150 qratids!
668 1092 693 1133 et
713 1087 769 1134 sine
790 1101 828 1134 me
848 1087 1028 1134 venerationem
1045 1100 1123 1132 meam
1140 1091 1214 1150 atque
1234 1085 1429 1146 observantium,

286 1196 336 1244 qua
362 1180 397 1226 Te
419 1179 545 1242 bucusque
563 1185 713 1241 prosecutus
738 1194 806 1241 sum,
831 1185 855 1226 ct
879 1193 935 1226 cero
957 1191 1098 1241 prosequar,
1116 1177 1234 1242 quamdiu
1254 1179 1349 1238 airam,
1369 1177 1430 1225 Tibi

282 1272 401 1336 probare,
418 1269 619 1335 quemadmodum
638 1277 707 1318 tuum
731 1272 769 1318 Ta
790 1269 925 1318 ostendisti
940 1284 1061 1330 amorem,
1079 1284 1127 1316 non
1147 1269 1231 1316 verbis
1249 1269 1294 1316 sed
1301 1268 1396 1326 sactis.

324 1364 368 1410 Vos
387 1377 479 1426 quoque
497 1361 587 1410 audire
607 1363 673 1409 mibi
694 1363 811 1424 licuisse,
838 1362 875 1412 et.
897 1361 1045 1418 Vardam,
1067 1361 1188 1408 Kaisar
1206 1367 1231 1408 ct
1248 1360 1356 1428 Riy'lse,
1376 1369 1427 1422 est,

285 1454 349 1520 quod
366 1466 515 1519 summopere
527 1454 635 1520 gaudeo.
668 1452 783 1518 Accipite
803 1467 884 1502 omnes
905 1453 966 1501 banc
982 1453 1166 1517 qualemcunque
1187 1454 1259 1516 qreti
1275 1455 1358 1503 animi
1378 1462 1429 1504 tes-

284 1529 453 1608 te'slcationem.

324 1637 481 1702 Vesdenique
493 1639 602 1701 appello,
617 1637 763 1686 Clarissimi
781 1637 815 1686 de
836 1639 908 1686 Wal
921 1645 946 1686 et
963 1637 993 1686 Μ
1000 1634 1062 1685 oll!
1070 1671 1077 1697 ‚
1096 1652 1185 1702 cosque
1199 1652 1295 1699 omnes,
1312 1647 1429 1706 quotquot

286 1731 315 1778 in
338 1731 538 1778 cmnmcutationc
560 1745 614 1778 rnea
634 1731 810 1780 conscribenda
832 1731 936 1778 consilio
959 1736 1040 1778 oestro
1058 1730 1125 1777 milti
1148 1729 1269 1791 assistis,
1288 1737 1314 1778 et
1333 1746 1428 1779 summu

287 1821 442 1870 liberalitate
459 1823 581 1885 copiosam
599 1828 624 1868 et
636 1823 776 1886 pretiosam
788 1823 982 1885 supellectilem,
996 1837 1192 1886 quaqueversum
1212 1821 1362 1885 dispersam,
1380 1838 1429 1870 ren·

286 1912 362 1978 dique
383 1915 485 1962 comiter
501 1920 526 1960 et
535 1920 651 1976 prompta
672 1928 769 1976 semper
787 1914 954 1961 benevolentia
974 1914 1161 1976 comparabilem
1176 1913 1242 1960 mili
1253 1914 1412 1977 praebuistis
1417 1933 1427 1972 ‚·

288 2007 334 2069 qui
352 2020 399 2069 quo
414 2006 497 2068 maqis
515 2004 582 2052 mibi
597 2004 747 2068 prtffuistis,
767 2019 793 2052 co
806 2006 890 2068 meqis
905 2019 997 2069 quoque
1011 2007 1157 2053 nonninatim
1174 2019 1215 2052 eos
1231 2007 1375 2068 compellare
1390 2020 1429 2052 me

286 2099 366 2144 iuvat.
406 2097 452 2144 Vos
479 2097 531 2160 aulo
552 2096 588 2146 ct.
611 2097 774 2162 Pluygers
795 2103 820 2144 et
843 2097 1009 2157 Tideman,
1035 2087 1109 2144 Dect.
1129 2095 1426 2160 Bodcquealiuis,

292 2188 337 2235 Vir
348 2188 487 2251 plurimum
506 2185 646 2236 Venerando
659 2187 680 2235 S
685 2203 752 2253 epp,
767 2188 958 2238 Consrdtissime
970 2190 1091 2250 Mem,
1106 2190 1151 2252 qui
1162 2188 1207 2235 sub
1218 2188 1296 2251 Reqis
1310 2191 1428 2236 ministro

281 2281 385 2343 patriae
393 2294 433 2328 res
442 2286 668 2340 cetreneascuras,
681 2281 748 2330 Dect.
758 2280 869 2344 Campb
877 2282 932 2341 ell,
944 2281 1113 2328 Bibliothecae
1121 2282 1242 2343 Haqanee
1252 2280 1427 2343 llcqiaeprac-

277 2371 364 2432 secte,
381 2371 450 2418 etPo
462 2371 585 2435 inprimis
597 2372 753 2420 Venerabilis
768 2373 850 2420 Senes
866 2371 902 2420 de
920 2369 1031 2420 Vries!
1037 2406 1044 2432 ,
1063 2372 1129 2435 apud
1144 2372 1352 2435 Telciobeptistes
1362 2372 1427 2419 Iler·

286 2463 406 2509 lcmonscs
414 2477 541 2510 sacrorum
552 2463 609 2508 olim
621 2463 729 2509 antistes
735 2480 745 2519 ‚·
759 2461 813 2509 nisi
822 2468 865 2509 tua
877 2461 1025 2509 bibliotheca
1036 2461 1102 2508 mibi
1111 2461 1169 2508 adeo
1178 2461 1318 2510 liberaliter
1321 2465 1426 2526 patuis-

283 2561 336 2615 set,
356 2554 423 2601 bared
439 2569 538 2601 conanae
553 2555 629 2602 Lasci
638 2554 760 2617 opusculis
770 2556 909 2601 etiamnunc
915 2553 1096 2614 desiderarem,
1114 2557 1340 2602 commentationem
1349 2571 1427 2604 eneam

284 2647 437 2695 conscribere
454 2652 519 2693 certe
528 2647 665 2710 potuissem
674 2661 815 2709 numquam.
851 2645 955 2693 Pariter
962 2646 1029 2693 nobis
1038 2661 1133 2709 qaoque
1139 2647 1240 2710 qratias
1248 2661 1294 2710 eqo
1304 2647 1427 2712 belaeque

282 2755 356 2804 quam
378 2739 502 2786 maeimes
520 2739 576 2785 Viri
590 2735 794 2785 Hurnenissimi!
810 2738 857 2801 qui
877 2738 946 2784 ultre
963 2738 1066 2800 patriae
1074 2739 1145 2798 fines
1162 2738 1303 2786 studiorum
1319 2754 1426 2788 meorum

280 2834 384 2897 patroni
397 2831 539 2879 exstitistis
554 2846 583 2877 ac
590 2831 724 2889 fautores,
745 2829 782 2878 ct.
798 2829 973 2890 lacobson,
991 2831 1020 2876 in
1029 2829 1161 2877 Academia
1172 2829 1336 2893 llcqiement.
1356 2832 1426 2892 Prep‘.

288 2924 361 2985 Ore,
380 2924 450 2970 Dect.
465 2923 622 2982 Lacerant,
642 2921 709 2968 etet.
726 2921 811 2968 Hamb.
824 2922 983 2984 praeposite,
1000 2927 1023 2968 et
1039 2923 1108 2970 Dect.
1125 2923 1343 2983 Traviranus,
1355 2924 1425 2973 Eccl.

284 3015 365 3062 Brem.
385 3015 442 3062 Scto
457 3013 571 3061 Mertino
587 3013 686 3060 dicatae
696 3009 801 3076 paster!
831 3011 884 3060 Nec
900 3019 1037 3060 aestrorum
1057 3029 1118 3076 erpa
1137 3027 1176 3061 me
1193 3014 1361 3074 beneficiorum
1374 3029 1426 3062 me·

283 3093 387 3154 naariam
412 3121 519 3170 conquam
543 3103 634 3151 delebit
650 3103 720 3163 dies,
740 3103 881 3150 Plurimum
901 3104 1039 3152 Venerandi
1058 3105 1157 3152 Ilesse
1173 3112 1197 3152 et
1218 3106 1254 3152 Vi
1260 3091 1345 3166 iter,
1359 3106 1427 3170 apud

284 3199 439 3262 Reforrnatos
462 3196 603 3244 Emblonos
627 3210 750 3243 secretum
771 3197 914 3257 antistites,
941 3202 966 3243 et
982 3197 1053 3245 Dect.
1072 3196 1213 3257 Blitimer,
1230 3199 1339 3262 inelqtae
1354 3199 1425 3248 urbis

284 3289 446 3350 Franeeffurti
470 3287 503 3335 ad
520 3289 634 3335 Moenum
660 3289 765 3336 Senator
793 3286 1007 3336 Consultissime!
1045 3289 1166 3352 inprimis
1191 3296 1274 3337 aretem
1302 3290 1360 3337 Tibi
1387 3291 1424 3340 et.

286 3383 400 3442 Reuss,
423 3382 452 3428 in
467 3379 600 3428 Academia
617 3381 828 3443 Arqcntoratensi
843 3381 972 3442 Professor
991 3380 1064 3441 Ora,
1082 3380 1275 3429 candidissimus
1290 3397 1321 3430 ee
1333 3383 1424 3430 intimo

278 3481 376 3541 pectore
399 3473 478 3534 resero
499 3472 615 3535 pretias,
640 3474 686 3536 qui
709 3487 756 3519 uon
778 3479 873 3519 tuntum
899 3473 1058 3520 bibliothecae
1081 3479 1138 3520 tecue
1163 3474 1305 3522 tlieseurum
1329 3491 1423 3523 summa

283 3567 437 3616 liberalitate
459 3565 526 3612 rutilii
549 3564 690 3626 aperuisti,
715 3570 740 3611 et
758 3565 864 3611 consilio
885 3565 1035 3628 monitisque
1061 3566 1127 3612 milei
1150 3565 1258 3626 defuisti
1278 3583 1422 3631 numquam,

232 3697 240 3708 .
285 3658 329 3707 sed
345 3660 421 3706 ctiam
435 3659 463 3704 in
481 3655 681 3705 eonsccetudinem
699 3662 724 3703 et
732 3655 947 3714 familiaritatem
969 3671 1008 3704 mo
1027 3659 1136 3720 recipcre
1153 3658 1272 3722 eliquatus
1288 3675 1323 3708 es.
1360 3660 1423 3718 Quo·

285 3765 341 3799 rum
361 3751 467 3797 omnium
490 3763 537 3813 quo
555 3748 655 3796 dulcior
673 3747 739 3795 niibi
756 3747 908 3808 recordatio,
928 3763 955 3798 co
969 3747 1101 3796 ardentius
1118 3764 1149 3797 ce
1166 3751 1257 3800 intimo
1266 3758 1366 3815 pectere
1380 3754 1422 3801 boc

285 3857 397 3906 nuncupo
409 3848 501 3901 aetum,
520 3847 549 3887 ut
564 3842 633 3888 Deus
652 3840 681 3888 0.
692 3841 727 3888 Μ.
750 3839 794 3887 Vos
806 3855 886 3888 omncs
899 3839 1046 3889 diutissime
1060 3843 1141 3889 sulcos
1158 3850 1282 3890 conservet
1294 3851 1367 3908 atque
1383 3847 1422 3893 in·

284 3937 404 3994 celumee,
431 3933 560 3997 eodemque
587 3932 643 3992 Vos,
667 3931 722 3978 Viri
737 3929 942 3980 Humanissimi!
960 3948 998 3980 mc
1015 3933 1182 3982 bonaevalentie
1197 3938 1315 4000 prosequi
1331 3951 1423 4001 perqe·
1496 3965 1498 3970 ·

287 4029 338 4086 tis,
356 4041 406 4090 qua
430 4023 462 4072 ael
479 4027 543 4074 littere
564 4038 639 4088 usque
656 4023 720 4071 diem
740 4023 835 4071 studiis
852 4025 915 4072 meis
923 4022 1055 4086 favistis!

322 4119 368 4166 Vos
389 4117 494 4181 denique
522 4112 725 4164 Commilitoncs!
752 4113 851 4164 valete!
884 4113 1059 4164 Amicissimi!
1084 4132 1115 4165 ne
1141 4119 1281 4182 respublica
1305 4120 1423 4171 disiectis

284 4215 373 4258 rotetur
390 4216 414 4257 ct
433 4209 563 4270 Ecclesia,
581 4223 640 4274 quos
657 4206 791 4256 Academia
808 4209 917 4256 nutrivit
934 4206 1092 4256 continuetosl

313 4391 386 4444 Scfib.
404 4391 490 4442 Leidee
507 4391 530 4442 d.
548 4389 591 4440 XV
608 4404 641 4443 m.
658 4387 802 4454 Septembris
819 4388 1011 4441 efflcccexll.
