3228 5102
752 295 792 358 63

208 491 306 554 »Cura
328 494 459 573 denique
479 513 644 574 pauperum
662 496 796 558 diaconis
814 495 954 556 mandata
974 508 1019 556 est
1031 496 1080 578 ⁸).”
1114 495 1266 556 Habemus
1284 495 1338 575 igi·

208 605 258 658 tur
283 610 398 678 septem
425 599 635 664 ministrorum
664 619 792 679 genera,
820 618 897 678 quae
930 599 962 659 in
984 600 1101 681 sylloge
1124 602 1166 660 sic
1187 611 1256 681 apte
1279 599 1338 660 dis·

208 701 342 764 tribuas:

250 906 360 976 ¹Verbi
380 907 591 972 ministerium.
660 902 663 908 ’
713 905 894 970 iurisdictio.
1015 905 1093 968 Cura·
1114 923 1289 986 pauperum.

208 1111 351 1174 eutromd.
384 1113 412 1172 l.
435 1112 580 1192 Apostoli.
703 1113 730 1172 6.
753 1109 902 1176 seniores.
1057 1111 1083 1170 7.
1106 1109 1239 1172 Diaconi.

381 1217 410 1276 E.
432 1213 654 1294 Euangelislac.

383 1319 410 1380 3.
433 1317 611 1398 Prophetae.

207 1421 358 1484 metuerit.
380 1423 407 1484 l.
430 1421 583 1490 Doctores.

384 1527 411 1590 t.
434 1523 583 1586 Pastores.

549 1729 571 1811 5
592 1731 619 1788 la.
661 1727 861 1789 Ministrorum
882 1727 987 1788 electio.

249 1935 288 2000 Ut
317 1937 407 2016 »quis
432 1955 523 1998 verus
544 1945 705 2002 censeatur
723 1917 877 1996 Ecclesiae
899 1935 1054 2003 minister,
1075 1933 1136 1996 rite
1156 1942 1281 1995 vocatus
1302 1935 1343 1995 sit

209 2039 423 2120 »oportet¹),''
446 2058 539 2119 quare
561 2040 698 2119 inprimis
723 2040 890 2102 cavendum
913 2049 975 2108 est,
997 2057 1060 2100 »ne
1080 2040 1148 2118 quis
1169 2040 1235 2100 sine
1257 2055 1343 2100 voea-

209 2143 314 2206 »tione
343 2141 496 2224 publicum
526 2143 557 2202 in
586 2141 718 2207 Ecclesia
747 2161 857 2208 munus
883 2141 941 2204 sibi
962 2152 1061 2204 sumat
1079 2141 1132 2222 ²).’'
1176 2139 1282 2202 Omnia
1304 2159 1344 2202 so.

209 2245 315 2306 ordine
342 2255 374 2306 et
399 2245 545 2306 decenter
566 2246 632 2325 geri
654 2246 685 2308 in
708 2243 842 2310 Ecclesia
863 2245 992 2313 debent,
1013 2264 1113 2324 neque
1135 2245 1345 2308 tantummodo

207 2349 369 2411 ministerii
392 2349 507 2410 aditum
529 2350 620 2414 certis
641 2348 760 2428 le3ibus
780 2349 1040 2429 circumscriptum
1062 2365 1127 2409 esse
1149 2358 1269 2417 monet,
1291 2347 1345 2408 sed

209 2469 275 2512 essa
308 2469 427 2530 quoque
459 2469 553 2531 penes
585 2449 749 2514 Ecclesiam
782 2453 829 2516 ius
861 2452 996 2514 muneris
1028 2451 1181 2512 adlmendi
1213 2451 1266 2521 iis,
1294 2451 1347 2529 qui
1397 2444 1399 2448 ’

210 2563 314 2616 contra
343 2555 441 2634 legem
470 2553 565 2616 creati
594 2564 679 2623 sunt,
708 2555 782 2634 quin
809 2556 869 2618 imo
902 2555 1165 2616 rexauctorandos
1193 2573 1273 2622 esso,
1293 2554 1347 2632 qui

212 2657 267 2718 »in
289 2656 387 2719 officio
408 2658 508 2718 minus
527 2656 632 2722 fideles
647 2676 678 2720 se
702 2668 857 2737 praestent
870 2659 929 2736 3);”
953 2669 983 2719 et
1002 2677 1095 2738 quum
1114 2668 1222 2738 sponte
1237 2675 1348 2718 munus

210 2779 325 2840 ponere
357 2772 515 2831 recusent,
545 2779 611 2821 esse
645 2761 768 2839 quidem
799 2763 995 2842 magistratus
1028 2780 1083 2842 ope
1113 2761 1295 2822 amovendos
1314 2759 1347 2840 ll

208 2862 244 2923 ln
273 2865 336 2942 ipsa
366 2874 468 2925 autem
492 2865 651 2925 vocatione
673 2875 804 2944 quatuor
825 2865 882 2926 sibi
905 2876 1010 2926 noster
1032 2866 1118 2946 ponit
1140 2865 1348 2945 quaestiones:

209 2966 369 3036 videlicet,
398 2967 541 3046 »qualem
562 2967 710 3046 qualiter,
731 2987 748 3028 o
770 2969 879 3048 quibus
901 2968 1034 3048 eligendi
1057 2968 1133 3036 sint,
1155 2977 1186 3028 et
1205 2986 1265 3047 quo
1286 2969 1349 3028 ritu

210 3069 294 3129 »sint
312 3071 344 3129 in
361 3088 489 3131 munere
507 3089 561 3131 suo
579 3071 720 3132 initiandi
733 3071 789 3150 6)”.
824 3071 870 3133 Ad
889 3072 1039 3152 singulas,
1061 3071 1134 3150 quid
1152 3071 1350 3150 respondeat,

210 3172 375 3237 videamus.
418 3175 459 3233 l0.
485 3173 613 3245 Quales?
642 3207 681 3220 -
711 3173 856 3236 »Summo
881 3174 1044 3236 haeredit
1065 3193 1126 3234 non
1148 3191 1214 3234 esse
1236 3175 1350 3253 eligen-

213 3275 304 3345 ados,
332 3276 390 3336 nisi
412 3276 464 3355 qui
485 3276 548 3338 sint
568 3295 659 3340 sanes
680 3278 889 3340 doctrinae-et
911 3287 1032 3337 sanotae
1055 3277 1151 3347 vitae,
1172 3296 1229 3338 nec
1249 3277 1351 3356 aliquo

213 3379 310 3440 »vitio
337 3377 488 3440 notabiles
499 3378 555 3459 ‘l'’
599 3377 732 3442 Solemni
758 3379 854 3459 igitur
875 3379 1006 3441 exarnini
1029 3397 1094 3440 sese
1116 3379 1351 3460 submittant')‚
1368 3383 1446 3432 f

213 3491 244 3544 et
266 3482 412 3544 interiore
434 3491 591 3560 praeterea
613 3483 771 3546 vocatione
793 3484 982 3553 excitentur,
1005 3503 1096 3563 quam
1117 3485 1181 3563 ipse
1203 3484 1351 3563 interpre·

213 3593 309 3644 tatur:
339 3584 474 3644 »bonum
496 3585 595 3644 cordis
616 3587 712 3646 nostri
739 3587 965 3656 testimonium,
994 3589 1075 3666 quod
1098 3587 1216 3648 sincero
1238 3585 1292 3647 Dei
1315 3586 1352 3646 ti·

214 3705 319 3748 rmore
348 3697 380 3747 et
408 3685 612 3747 aedificandae
642 3687 792 3757 Ecclesiae
815 3689 916 3750 studio
939 3689 1074 3751 oblatum
1095 3709 1206 3751 munus
1227 3689 1352 3770 recipia-

214 3810 303 3852 »mus
319 3788 375 3870 8).”
418 3789 460 3851 2⁰.
486 3788 640 3864 Qualiter?
660 3823 701 3836 -
722 3789 845 3850 Publica
866 3791 1040 3852 indicantur
1058 3791 1184 3862 ieiunia;
1204 3791 1354 3854 solemnes

254 3971 274 4032 6)
294 3972 355 4021 Insl.
372 3970 415 4020 IV.
433 3969 456 4020 8.
475 3969 498 4020 9.
516 3969 545 4020 ol.
563 3969 606 4021 IV.
623 3969 663 4021 20.
681 3971 705 4021 4.
806 3969 825 4034 ¹)
844 3975 905 4022 Just.
922 3969 965 4023 IV.
984 3972 1008 4022 Β.
1027 3973 1067 4024 10.

256 4052 277 4114 ²)
296 4053 356 4104 luel.
374 4051 416 4103 IV.
435 4050 458 4100 3.
477 4051 517 4102 10.
535 4052 564 4102 el.
582 4053 654 4102 Breo.
673 4052 741 4117 Coef.
752 4051 800 4116 fid.
811 4052 888 4118 serm.
905 4051 972 4102 Eom.
990 4049 1061 4103 VIII.
1079 4051 1134 4103 91¹».

221 4164 224 4170 ·
256 4133 277 4195 ³)
294 4134 367 4184 Brea.
387 4131 454 4197 Confi
465 4132 512 4197 fid.
523 4131 600 4198 seret.
618 4129 685 4182 Eam.
702 4131 775 4181 VIII.
794 4131 848 4184 91¹³.
865 4133 895 4184 cl.
914 4135 962 4198 Ep.
982 4131 1017 4184 ad
1032 4132 1093 4186 decl.
1110 4133 1191 4201 Harpe.
1209 4133 1276 4188 Eum.
1294 4132 1353 4188 txb.

218 4212 272 4266 w.
289 4217 314 4263 el
332 4215 376 4279 Ep.
395 4213 430 4263 ad
445 4225 551 4262 ram.
569 4211 635 4264 Tom.
654 4213 712 4264 lxb.
731 4211 784 4264 lib.

257 4295 278 4359 ⁴)
297 4296 392 4345 Scholia
408 4296 434 4344 in
451 4295 497 4359 Ep.
514 4295 589 4344 Pauli
605 4295 654 4348 111.
671 4295 739 4346 l'om.
756 4295 827 4346 VIII.
846 4294 917 4347 1841).

256 4378 277 4441 ⁵)
298 4380 357 4428 last.
374 4375 417 4428 tv,
435 4376 459 4427 8.
477 4377 517 4427 ll.
617 4378 638 4440 ⁶)
656 4381 717 4429 luet.
734 4377 779 4429 IV.
799 4377 822 4429 8.
840 4379 880 4429 12.

259 4458 280 4523 ⁷)
298 4459 343 4526 Ep.
361 4457 396 4510 ael
414 4458 474 4510 olle.
491 4457 559 4508 Tem.
577 4456 634 4510 1xt.
653 4460 721 4511 143⁸.

257 4539 280 4604 ⁸)
296 4541 358 4594 Erat.
375 4539 418 4594 tv.
436 4541 461 4594 8»
479 4539 520 4591 11.
538 4539 569 4590 el.
585 4539 615 4590 tle
631 4539 749 4592 melilatu
762 4539 798 4592 ib.
815 4539 859 4594 IV.
877 4539 917 4594 tu.
935 4540 1034 4593 stt-tt
1051 4544 1077 4594 et
1092 4538 1136 4595 tt.
1154 4539 1195 4598 1t.
1213 4541 1237 4596 8.
